3036 5114
568 324 853 382 PROLEGOMENA.
1118 321 1124 332 '
1180 325 1280 382 LXVII

139 491 226 556 runis
252 513 291 555 ex
315 490 457 556 Suidana
481 490 591 575 glossa
614 492 774 572 Φολουία,
793 488 892 554 Ennii
914 488 1053 554 Romani
1077 511 1115 554 ex
1134 489 1281 573 Aelian0,

140 598 231 663 Fabii
251 597 390 662 Pictoris
410 619 448 661 ex
468 594 607 681 Polybio
627 597 757 662 fluxisse
780 596 884 662 docui.
925 596 974 660 De
997 595 1048 661 his
1073 596 1147 661 vitis
1171 596 1279 680 dispu-

138 706 205 771 tavi
236 705 319 771 Mus.
337 703 439 768 Rhen.
459 702 600 767 XXXVI
619 728 650 790 p.
669 704 824 789 316seq,
847 724 909 788 quo
942 703 1014 768 loco
1045 726 1100 768 eos
1133 709 1280 768 auctores

137 812 301 879 Romanos
324 812 364 876 ab
381 808 546 895 He'sychio
567 809 730 876 adhibitos
749 832 819 875 esse
844 810 992 895 exposui,
1015 811 1069 895 qui
1087 810 1139 875 vel
1163 832 1279 896 graece

138 919 341 1004 scripserint,
368 918 456 983 velut
478 916 678 983 Claudianus
702 916 758 1001 (cf.
771 916 897 1000 Rohde,
924 915 1007 981 Mus.
1021 916 1125 981 Rhen.
1139 915 1279 992 XXXIII

137 1050 167 1112 p.
186 1026 245 1091 167
265 1025 365 1112 not),
389 1024 561 1091 Suetonius
585 1026 633 1107 al,
658 1026 706 1089 vel
735 1024 775 1090 ab
800 1023 1068 1108 epitomatoribus
1092 1022 1222 1088 Graecis
1246 1024 1280 1089 iu

137 1132 266 1198 brevius
290 1133 392 1197 coacti
415 1130 531 1217 sunt¹),
554 1132 644 1196 velut
662 1132 792 1196 Asinius
811 1130 931 1215 Polli0,
953 1129 1132 1217 Eutropius
1157 1132 1206 1215 al,
1229 1133 1279 1196 vel

136 1238 237 1303 libros
266 1259 382 1323 gram
406 1239 544 1325 scriptos
565 1238 664 1302 latine
688 1239 851 1322 verterint,
875 1238 964 1303 velut
981 1236 1083 1304 Iulius
1103 1237 1223 1304 Caesar
1248 1244 1280 1302 et

136 1343 267 1409 Brutus.
312 1346 491 1410 Omiseram
522 1350 629 1410 autem
658 1346 702 1430 gl.
732 1339 949 1430 Αὐσόνιοςῖ),
980 1345 1118 1410 fortasse
1151 1346 1278 1431 glossas

134 1445 309 1540 nuaram)
359 1453 465 1538 Atqm
494 1453 521 1516 si
549 1452 784 1536 examinamus,
815 1473 877 1536 quo
906 1474 943 1516 ex
972 1451 1062 1517 fonte
1093 1453 1166 1517 illas
1194 1453 1279 1517 vitas

80 1640 86 1645 ¹
136 1556 316 1641 Hesychius
348 1558 595 1644 deprompserit,
632 1580 703 1622 cum
735 1558 913 1642 Eutropius
945 1559 1166 1625 recentissimo
1201 1581 1280 1626 aevo

136 1665 325 1732 tribuendus
344 1668 396 1749 sit,
420 1688 475 1731 eas
497 1670 554 1731 aut
572 1688 610 1730 ex
629 1686 744 1751 graeca
762 1665 915 1750 Eutropii
938 1667 1085 1732 versione
1108 1667 1158 1732 vel
1183 1668 1280 1731 versi·

136 1773 207 1837 onis
239 1774 440 1858 praefatione
472 1773 602 1838 fluxisse
630 1772 815 1856 suspiceris,
848 1793 944 1856 quam
975 1772 1134 1838 curaverit
1162 1770 1279 1857 Capito

136 1876 191 1963 (cf.
210 1877 325 1945 Suidas
350 1903 374 1947 s.
395 1878 456 1967 v.),
484 1880 539 1965 qui
563 1882 720 1966 regnante
744 1879 919 1944 Anastasio
949 1880 999 1944 vel
1022 1878 1146 1944 Iustino
1174 1879 1279 1963 primo

136 1986 217 2051 vixit
243 1985 298 2073 (cf.
312 1987 428 2053 Miiller
450 1987 489 2051 fr.
504 1987 577 2052 hist.
593 1984 640 2050 IV
653 2008 684 2071 p.
701 1983 793 2072 123),
827 1990 883 2051 aut
915 2008 953 2051 ex
986 1986 1078 2051 libris
1103 1986 1279 2065 chronicis,

136 2093 419 2180 quos·Hesychius
438 2095 507 2180 ipse
526 2093 714 2177 composuit.
743 2093 824 2158 Rem
843 2091 995 2158 hocloco
1018 2115 1083 2159 non
1103 2093 1279 2177 expediam.

134 2221 345 2230 -----—..—--

208 2290 233 2357 1)
251 2288 292 2343 De
311 2289 364 2343 hac
383 2305 412 2343 re
431 2288 465 2343 cf.
475 2288 586 2355 Weber,
606 2287 746 2360 de'latiue
763 2287 887 2357 scriptis,
907 2303 978 2356 quae
993 2286 1092 2343 Graeci
1107 2251 1138 2326 ἐ
1155 2288 1275 2343 transtu-

135 2366 228 2423 lerunt
245 2368 271 2422 II
290 2371 381 2438 (1848)
400 2386 426 2438 p.
444 2373 476 2423 18
491 2385 548 2437 seq.

207 2450 233 2515 2)
252 2447 283 2501 ln
302 2446 417 2502 Ausonii
437 2447 497 2503 vIta
516 2448 583 2502 duos
603 2446 751 2517 scriptores
769 2449 897 2503 confusos
917 2464 977 2504 esse
996 2450 1071 2503 recte
1090 2449 1199 2504 monuit
1212 2448 1279 2503 Gut

138 2528 296 2678 schmalpbe
316 2609 419 2679 Aquila
437 2610 471 2665 cf.
492 2608 613 2678 Teuffel,
631 2607 686 2663 uit.
706 2607 804 2663 Rom.³
823 2613 838 2674 ξ
853 2614 914 2677 374,
929 2616 953 2664 6.

205 2805 248 2860 Ad
262 2806 372 2874 Proleg.
386 2823 412 2874 p.
428 2802 519 2860 XXVI
534 2805 568 2861 A.
579 2806 697 2862 Schema
713 2805 783 2860 mihi
797 2804 921 2875 scripsiI=
940 2805 1007 2860 Cod.
1021 2804 1083 2859 Par.
1099 2800 1182 2873 2626,
1192 2824 1278 2861 mem-

134 2878 286 2933 branaceus
303 2893 376 2932 saec.
394 2875 458 2944 XII,
477 2876 526 2932 fol.
545 2883 610 2945 ΙΙΙ,
630 2879 706 2932 cuins
725 2877 772 2932 fol.
795 2882 890 2931 1-25
909 2881 939 2932 et
956 2881 1103 2931 ara-291
1125 2877 1279 2933 recentiore

134 2947 340 3074 paputaddita
360 2952 425 3002 sunt
446 2965 497 3003 nec
520 2949 629 3004 diversa
650 2949 768 3004 fortasse
791 2949 827 3003 ab
851 2965 897 3016 ea,
922 2947 967 3003 cui
992 2953 1061 3005 2625
1083 2948 1131 3005 fol.
1151 2955 1204 3004 260
1220 2968 1278 3018 seq.

156 3037 170 3074 e
192 3038 225 3075 en
239 3039 280 3074 ur.

204 3091 249 3145 Ad
267 3109 293 3160 p.
316 3097 365 3146 169
384 3109 410 3145 v.
430 3087 572 3146 Πλάτων
590 3090 704 3161 scripsit
721 3091 758 3145 E.
773 3091 879 3146 Robdc:
958 3131 965 3144 .

206 3163 286 3217 Falsa
309 3162 377 3217 olim
400 3163 491 3231 specie
514 3162 658 3229 inductus,
684 3163 785 3217 Snidae
808 3162 892 3216 illud:
916 3162 965 3215 nul
987 3156 1215 3236 durdvdvept'n
1236 3180 1277 3216 sa·

133 3233 254 3288 eundum
274 3233 581 3288 [percunctationem
601 3233 728 3303 (11153)
754 3233 946 3303 castigandum
971 3248 1030 3288 esse
1054 3230 1168 3290 credidi.
1205 3232 1278 3288 Ecce

133 3305 203 3372 iam,
222 3303 271 3375 qni
289 3303 363 3360 idem
382 3309 466 3374 atque
485 3304 584 3359 Suidas
602 3308 735 3373 testatur,
757 3305 959 3371 Tertullianus,
983 3303 1018 3358 de
1036 3304 1131 3358 anima
1149 3321 1209 3374 cap.
1230 3310 1277 3360 52:
1317 3362 1318 3366 ,

134 3375 206 3444 „etsi
234 3376 307 3445 (quis
335 3377 464 3445 spiritum
492 3376 617 3443 exhalet)
644 3393 694 3446 per
723 3376 860 3431 somnium
888 3376 1064 3444 (‘somnum’
1095 3375 1279 3445 probabiliter

134 3448 292 3516 Oehlenrs),
316 3450 348 3502 ut
371 3447 483 3502 Plato“.
524 3447 565 3500 Ex
587 3448 640 3503 hod
662 3447 828 3503 Tertulliani
851 3447 937 3516 (quod
958 3446 1005 3500 ille
1030 3445 1150 3501 fortasse
1169 3445 1276 3502 Sorano

134 3518 227 3586 debet)
251 3518 424 3586 testimonio,
451 3517 487 3572 ab
513 3518 552 3573 eis
578 3518 626 3589 qui
649 3518 774 3574 Platonis
801 3518 888 3572 vitam
914 3520 1112 3572 enarraverunt
1137 3518 1275 3587 neglecto,

134 3590 240 3645 Laertii
256 3589 443 3645 narrationem
457 3588 573 3644 alterius
588 3590 709 3645 auctoris
724 3590 860 3645 relatione
873 3588 1077 3644 inconsiderate
1091 3588 1275 3658 interpolasse

134 3659 303 3742 Hespchium
322 3663 446 3731 apparet.
479 3661 607 3715 Alterum
621 3662 701 3715 illum
715 3663 858 3717 auctorem
874 3660 973 3730 siquis
990 3660 1175 3730 Porphyrium
1188 3659 1277 3715 fuisse

135 3732 297 3801 coniecerit,
320 3749 366 3787 ms
385 3734 459 3787 certe
478 3749 533 3786 non
551 3732 667 3788 habebit
685 3734 890 3802 obloquentem.
923 3731 999 3787 Haec
1018 3731 1101 3786 modo
1121 3730 1278 3787 consideres

134 3820 207 3929 ‘un
226 3802 628 3946 pppippagpapppj,
642 3802 945 3945 irroratur.
964 3802 1277 3945 {tdttttdit‘

135 3966 195 4007 vos:
214 3944 362 4015 Porphyrii
380 3945 537 4000 doctrinam
555 3946 706 4002 asceticam
724 3945 795 4003 talia
812 3945 938 4001 redolere
956 3944 1039 4000 facile
1054 3945 1196 4002 concedes.
1227 3946 1276 4001 Cui

134 4034 199 4072 num
219 4019 331 4087 praeter
344 4016 401 4071 alia
419 4017 556 4085 quaedam
573 4018 692 4086 minora,
713 4035 784 4088 quae
803 4015 947 4072 abaertio
966 4018 1041 4072 certe
1060 4034 1115 4072 nou
1133 4018 1277 4072 mutuatus

135 4090 179 4143 est
201 4088 261 4154 (τοῦ
284 4088 403 4157 ποιητοῦ
426 4120 457 4128 -
482 4083 544 4157 μετ’
565 4084 705 4143 αὐτόν-
729 4085 762 4145 τὸ
785 4087 911 4156 στέρνον)
934 4086 1145 4142 memorabilem
1167 4105 1277 4158 quoque

132 4157 214 4213 illum
228 4159 354 4214 Platonis
374 4176 575 4227 encaemorum,
597 4177 680 4228 quem
698 4161 752 4231 ipsi
771 4160 806 4214 de
820 4159 945 4215 Platonis
963 4159 1030 4214 fatis
1043 4160 1196 4215 nanaboni
1213 4160 1276 4214 snb·

135 4231 237 4296 texuit,
256 4229 377 4285 indicem
394 4232 497 4286 debeat
510 4231 676 4301 Hesychius,
695 4250 750 4288 non
765 4232 892 4287 decerno.
925 4230 1055 4286 Ceterum
1073 4230 1103 4284 in
1117 4230 1208 4286 indice
1227 4230 1276 4284 illo

135 4300 209 4355 inter
226 4298 395 4369 Καρνεάδης
418 4306 448 4356 et
466 4299 620 4371 Xuppddac
642 4305 724 4373 plura
746 4303 860 4359 nomina
882 4301 1009 4358 omisisse
1031 4301 1209 4357 librariorum
1233 4319 1276 4356 so·

134 4373 258 4427 cordiam
282 4377 411 4443 apparet;
440 4373 499 4428 fieri
527 4374 599 4428 enim
626 4375 736 4444 nequit,
761 4378 793 4428 ut
819 4372 989 4429 Charmadas
1014 4373 1101 4443 ipsius
1127 4371 1277 4428 Carneadis

135 4460 276 4499 successor
294 4445 437 4501 habeatur.
457 4475 491 4485 -
510 4445 528 4499 l.
550 4453 582 4500 16
602 4442 627 4516 η’
647 4463 697 4518 pro
716 4443 741 4502 κ’
762 4463 830 4502 corr.
848 4446 904 4501 iam
923 4446 960 4501 K.
977 4445 1012 4499 F.
1027 4445 1179 4500 Homnae.
