3036 5114
161 323 250 382 xovl
594 325 876 383 PROLEGOMENA.

162 489 261 553 etiam
275 486 338 555 AV
362 485 491 575 (nempe
510 489 596 554 huno
616 488 783 555 Critonem
801 511 868 555 non
887 490 1049 555 diversum
1073 511 1144 555 esse
1163 513 1182 556 a
1200 489 1307 558 Naxio

162 596 244 660 vidit
262 594 379 660 Miiller
397 595 445 660 ΙΙΙ
463 619 494 681 p.
509 596 602 682 373),
625 618 687 662 om.
706 597 842 682 denique
862 598 979 662 Aurelii
999 597 1186 682 philosophi
1205 599 1306 663 vitam

163 724 183 766 a
203 699 301 765 Suids
320 700 491 768 infeliciter
510 702 673 768 detortam
691 726 730 768 ex
749 703 908 788 Porphyr.
927 704 983 769 vit.
999 702 1084 770 Plot.
1100 705 1120 769 2
1139 702 1203 790 (bis
1222 706 1308 770 enim

163 830 236 873 eum
260 809 294 873 in
316 808 377 873 hae
402 810 469 874 rita
492 809 620 895 lapsum
645 831 715 874 esse
734 809 877 893 constat)
902 813 935 874 et
952 811 1122 878 sotaldis
1145 834 1184 877 ex
1208 812 1308 877 schol.

165 915 266 982 Arist.
284 914 369 980 Nub.
394 917 467 982 144.

250 1021 339 1088 Num
362 1023 498 1089 fortuito
522 1023 735 1090 haecomnia
762 1024 892 1091 silentio
915 1025 1093 1091 Eudoeiam
1118 1027 1307 1110 praetermi-

162 1131 243 1195 sisse
275 1131 395 1215 putas?
428 1118 481 1195 'An
508 1133 679 1198 consulto?
712 1131 804 1208 Quod
833 1133 862 1196 si
892 1133 1040 1198 consulto
1072 1137 1184 1218 putas,
1220 1137 1306 1199 eerte

164 1237 279 1303 mulier
298 1239 512 1322 grammatica
522 1260 593 1304 non
607 1239 693 1304 olida
711 1243 806 1324 esset,
826 1240 880 1305 sed
896 1241 1052 1305 acerrimo
1067 1241 1199 1327 ingenio
1213 1264 1306 1326 prae-

162 1344 245 1428 dit'a,
268 1367 341 1410 eum
365 1347 541 1431 genuinum
560 1345 761 1431 Hesychium
780 1348 814 1412 in
833 1344 949 1411 Suidae
969 1346 1045 1411 vitis
1070 1348 1191 1414 enitere
1210 1369 1306 1434 agno·

162 1456 267 1518 soeret
287 1454 473 1538 omniaque,
496 1475 577 1539 quae
601 1454 643 1518 ab
663 1453 820 1538 Hesychii
844 1453 920 1519 stilo
944 1460 977 1519 et
999 1454 1131 1540 ingenio
1155 1455 1307 1520 abhorre·

161 1563 248 1644 rent,
279 1560 365 1624 ultro
394 1564 601 1646 expungeret.
648 1558 710 1626 Sed
742 1561 804 1626 hoe
837 1561 933 1626 aliter
965 1583 999 1627 se
1031 1560 1151 1628 hebere
1183 1585 1308 1629 censeo.

161 1663 243 1730 (lum
267 1664 521 1732 omnes-Suidae
545 1666 646 1732 libros
674 1666 731 1731 illa
754 1667 975 1732 additamenta
1004 1668 1045 1734 ab
1072 1668 1168 1734 initio
1191 1670 1306 1735 tulisse

161 1772 333 1837 concludas
361 1779 504 1858 oportet,
533 1772 712 1839 Eudoeiam
740 1774 773 1838 in
804 1774 869 1838 illis
898 1774 973 1838 vitis
999 1774 1216 1840 describendis
1240 1799 1306 1842 nou

160 1877 278 1945 Suidae
311 1880 412 1946 lexico
440 1904 533 1947 usam
566 1903 636 1946 esse
667 1882 903 1947 consectarium
934 1886 997 1966 est,
1029 1883 1085 1948 sed
1115 1883 1205 1948 fonte
1237 1884 1307 1948 eius

160 1988 284 2053 sincero
309 1991 406 2073 atque
430 1989 558 2072 integro
581 2009 684 2074 neque
707 1988 811 2072 ipsius
835 1988 952 2054 Suidae
980 1990 1031 2054 vel
1054 1990 1212 2056 lectorum
1236 1991 1306 2057 eius

160 2096 257 2182 nugis
281 2096 413 2161 insulsis
437 2101 471 2161 et
493 2097 620 2163 vitiosis
644 2098 823 2182 inquinato.

247 2220 305 2288 Vl.
338 2221 483 2307 Denique
503 2224 566 2288 iarn
586 2224 782 2289 enumerabo
802 2224 973 2288 nonnullas
991 2223 1089 2307 vitas,
1109 2223 1226 2307 quibus
1247 2223 1306 2288 ali·

165 2329 242 2416 quid
265 2330 384 2395 rectius
408 2330 554 2396 Eudoeia
577 2331 669 2417 legit,
693 2353 790 2416 quam
814 2327 932 2396 Suidae
961 2330 1034 2396 libri
1058 2331 1153 2395 nobis
1177 2331 1306 2395 servati.

160 2437 253 2513 Quod
281 2438 346 2501 iam
375 2436 524 2504 Meinelre
553 2439 732 2523 perspexit,
768 2438 823 2525 qui
856 2424 1004 2522 pluiibus
1035 2438 1115 2503 loeis
1143 2435 1306 2501 Eudociae

160 2541 316 2610 lectiones
347 2566 416 2610 sese
445 2544 561 2610 Suidae
591 2546 751 2630 praeferre
782 2545 948 2611 confessus
979 2549 1042 2626 est,
1072 2544 1160 2609 velut
1190 2542 1306 2627 fragm.

161 2674 241 2717 eom.
260 2651 276 2715 1
295 2676 325 2738 p.
344 2654 397 2736 46,
415 2675 445 2737 p.
465 2654 507 2719 58
532 2654 573 2718 al.
614 2651 683 2718 Neo
701 2654 808 2718 minus
831 2652 904 2717 aliis
928 2651 1090 2717 Eudoeiae
1112 2648 1307 2714 lectionibus

159 2782 389 2845 nonnunquam
414 2760 517 2825 honor
536 2760 631 2824 datus
655 2763 718 2844 est,
736 2760 826 2825 velut
843 2783 872 2824 v.
893 2760 1133 2842 Δείναρχος,
1156 2756 1212 2821 ubi
1238 2756 1307 2820 sols

158 2867 259 2932 habet
282 2857 328 2944 εἷς
351 2869 434 2950 τῶν,
459 2866 545 2952 quod
568 2867 673 2952 magis
697 2866 832 2949 arridet,
855 2889 952 2952 quam
977 2864 1154 2931 Suidanum
1177 2864 1245 2928 τῶν
1264 2899 1301 2908 -
1383 2869 1384 2873 ’

159 2966 219 3058 sig,
244 2998 272 3041 v.
296 2977 490 3058 Σίβυλλα,
517 2973 573 3038 ubi
598 2974 669 3038 sola
691 2974 772 3060 legit
795 2959 1016 3057 Σαοὸιοινήν,Ι
1034 2971 1119 3056 quod
1143 2970 1307 3036 revocavit

159 3080 333 3164 Kusterus,
357 3080 493 3165 proclivi
518 3080 742 3146 emendatione
765 3080 857 3145 illam
877 3078 1063 3143 emendasse
1086 3081 1182 3163 putat
1201 3076 1307 3170 Daub,

159 3188 198 3253 de
213 3188 299 3253 Viol.
315 3210 345 3272 p.
360 3188 403 3252 22
422 3183 500 3273 (γὰρ
520 3183 628 3271 δάνην
643 3187 683 3271 V,
703 3186 878 3269 Σορδίνην
896 3184 935 3270 E,
955 3181 1146 3269 Σαρδώνην
1161 3184 1197 3263 Β,
1216 3187 1306 3267 Σαρ-

160 3291 268 3379 δάνην
289 3292 383 3382 Ald.).
420 3292 481 3359 Sed
506 3294 604 3358 etiam
627 3317 655 3359 v.
670 3289 829 3370 Ἀκύλας
852 3296 939 3357 reete
963 3291 1063 3357 habet
1080 3285 1307 3376 γραμματικὸς

157 3401 213 3468 καὶ
232 3398 405 3486 μουσικός,
427 3423 500 3466 oum
517 3399 573 3467 καὶ
590 3401 760 3467 omiserint
774 3423 885 3466 omnes
900 3398 1017 3464 Suidae
1040 3399 1128 3483 libri3
1151 3394 1306 3480 v.’'Apa-

158 3534 223 3588 τος
246 3510 316 3576 sola
339 3505 529 3593 ἐπικήδειον
554 3505 807 3593 Κλεομβρότου,
835 3507 921 3594 quod
944 3506 1059 3571 merito
1082 3506 1307 3590 praetulerunt

159 3616 344 3701 Westerm,
373 3615 575 3700 Bernhardy,
604 3617 746 3702 elprae
774 3614 892 3680 Suidae
921 3614 1058 3679 lectione
1085 3608 1145 3678 τὸν
1171 3612 1220 3676 vel
1246 3613 1307 3677 τοῦ

160 3719 413 3808 Κλεομβρότου;
438 3718 719 3806 ν.“Ερμαγόρος
739 3718 832 3806 'App
854 3721 923 3786 sola
942 3713 962 3805 ἢ
982 3717 1058 3804 περὶ
1076 3713 1308 3804 ἀτυχημάτων,

159 3832 244 3919 quod
272 3830 384 3896 laudat
412 3831 511 3896 etiam
533 3829 736 3913 Bernhardy,
764 3852 825 3894 rec.
839 3829 1026 3913 Westerm,
1053 3826 1089 3892 α’
1112 3824 1187 3909 περὶ
1217 3819 1308 3910 drop.

160 3939 245 4026 vulg.
260 3935 293 4003 α’
309 3960 371 4004 om.
387 3937 447 4004 BE
467 3938 638 4020 (consulto,
659 3939 695 4002 ut
709 3935 884 4021 suspicorl3
907 3931 1119 4019 ν.Ἑρμείας
1133 3938 1221 3999 reete
1235 3931 1307 3997 add.

160 4042 348 4132 φιλόσοφος
375 4044 453 4129 (om.
482 4039 499 4110 ὁ
528 4039 719 4130 εὐνοῦχος),
751 4043 836 4129 quod
863 4043 1079 4109 neeessariam
1107 4063 1178 4106 esse
1206 4038 1309 4123 suspi-

160 4178 228 4240 cor;
246 4149 452 4237 ο.Ἕφορος
469 4153 539 4236 sola
553 4153 634 4237 legit
647 4145 860 4237 εὑρημάτων,
875 4149 992 4216 Suidae
1007 4151 1083 4215 libri
1097 4143 1306 4231 εὑρεμάτων;

159 4287 189 4329 v.
204 4261 436 4346 Κορνοῦτος
449 4283 512 4325 om.
526 4260 625 4324 verba
644 4246 743 4337 οὗτος
761 4254 779 4324 ὁ
794 4258 905 4324 addita
920 4281 939 4322 a
954 4255 1067 4341 Suida,
1087 4257 1142 4341 qui
1157 4259 1254 4320 antea
1268 4255 1307 4318 de

160 4372 287 4436 rhetore
305 4367 449 4434 Cornuto
469 4387 569 4452 agens
589 4366 750 4431 rhetorem
772 4369 805 4430 et
823 4363 1054 4450 philosophum
1073 4362 1230 4443 confudit,
1248 4382 1307 4425 nec

162 4480 268 4544 minus
287 4480 374 4543 reete
398 4474 498 4540 habet
517 4476 677 4557 Λεπτίνης
696 4470 833 4560 (Araris
852 4469 889 4536 dl
907 4467 1016 4554 ὄνομα
1033 4464 1189 4553 πόλεως),
1212 4463 1307 4551 φιλό-
