3036 5114
240 315 291 371 1¹11
677 320 960 379 Protheonem.

243 483 372 566 multos,
387 484 441 568 qui
457 485 491 548 in
505 484 628 549 Laertii
643 486 718 550 vitis
735 486 916 554 laudantur.
936 488 1044 573 Atque
1058 489 1166 553 thesin
1180 510 1272 553 suam
1286 510 1317 572 p.
1325 489 1390 554 228

243 591 288 654 sic
309 590 561 676 intellegendam
586 594 727 676 monuit,
751 600 786 659 ut
804 593 962 660 Demetrii
987 595 1157 661 thesauros
1181 618 1239 680 per
1259 597 1390 679 Argesi-

243 697 375 781 phontis
383 695 407 784 ¹)
428 697 538 784 (quem
553 698 668 765 Suidas
688 701 799 766 laudat
818 724 846 765 v.
858 696 1080 781 Ἀπολλώνιος
1099 702 1208 786 ἕτερος
1227 698 1391 788 Τυανεύς)

243 804 362 870 librum
390 803 463 890 περὶ
491 801 682 890 ὁμωνύμων
705 808 738 871 in
763 806 961 893 Hesychium
985 811 1156 895 migrasse,
1185 832 1242 893 per
1266 810 1391 876 Dioclis

241 913 311 994 βίοι
339 909 540 997 φιλοσόφων
569 914 791 980 in·Laertium
815 914 995 1002 Diogenem
1019 921 1171 982 censeret.
1212 915 1391 982 Nietzschii

244 1024 350 1084 eutem
371 1023 532 1086 sententia
547 1022 641 1106 plane
656 1024 846 1087 confirmata
860 1023 1031 1090 videbatur
1045 1024 1272 1090 dissertatione
1288 1023 1391 1090 Volk-

244 1127 367 1205 manni,
393 1127 535 1203 ,Quaest
566 1128 648 1194 Nor.
676 1128 809 1213 (Numb.
841 1131 955 1217 1873),
992 1132 1046 1217 qui
1080 1133 1152 1197 aliis
1185 1131 1390 1197 adminiculis

242 1235 377 1318 innisus,
401 1236 420 1300 i.
442 1257 468 1299 e.
492 1235 684 1319 quibusdam
709 1237 924 1323 coniungendi
947 1237 1095 1303 formulis
1115 1239 1297 1305 certissima
1316 1239 1388 1303 libri

242 1342 378 1407 alicuius
397 1340 471 1425 περὶ
491 1336 682 1426 ὁμωνύμων
704 1344 840 1429 vestigia
857 1345 1019 1410 invenisse
1035 1346 1097 1410 sibi
1112 1347 1199 1411 visus
1216 1351 1275 1411 est.
1307 1345 1390 1411 Sunt

242 1450 484 1516 antcmhaece:
508 1446 717 1528 notanimis
744 1453 785 1517 ab
810 1451 972 1538 Hesychio
997 1457 1187 1538 usurpatum
1213 1477 1241 1518 v.
1257 1448 1388 1518 Ἀστυδ-

241 1551 341 1641 άμας,
369 1554 622 1641 Διογενειανός,
652 1556 837 1636 Διονύσιος
861 1564 959 1643 Κορ,
994 1556 1186 1644 Διόδωρος,
1212 1555 1389 1642 Ἐπίνικος,

133 1738 142 1751 ·
234 1657 466 1748 Ἱπποκράτης,
490 1666 760 1749 Μελανιππίδης,
786 1670 962 1744 Μουσαῖος
979 1660 1061 1750 Ἐς),
1089 1663 1297 1752 Νικόμαχος,
1317 1662 1387 1750 Ὀρ-

240 1766 335 1855 φεύς,
354 1773 537 1856 Πίνδαρος,
558 1769 723 1856 Πρόκλος,
743 1770 886 1857 Σαπφώ,
910 1776 1084 1858 Τιμοκλῆς,
1108 1774 1313 1859 Τιμοκρέων,
1336 1777 1389 1839 Τί-

241 1903 326 1963 μων,
345 1883 554 1965 Τυραννίων,
571 1877 743 1965 Φιλήμων,
761 1881 1009 1968 Φιλιππίδης2);
1027 1881 1092 1948 καὶ
1112 1881 1243 1963 ἕτερος
1258 1905 1286 1946 v.
1302 1877 1389 1945 ’Λλκ-

242 1983 324 2071 μόν,
347 1981 554 2073 Ἀντίμαχος,
579 1991 696 2066 Λίνος;
723 1984 912 2072 νειότερος
939 2012 966 2054 v.
991 1984 1170 2072 Σωρανός,
1194 1990 1389 2068 Παναίτιος,

242 2091 418 2180 Μαρσύας,
440 2091 593 2179 Κάδμος,
608 2091 771 2180 Ἔφορος,
793 2091 937 2180 Ἀχαιός,
963 2096 1033 2161 sim.
1051 2120 1081 2161 v.
1101 2098 1268 2178 Δίδυμος,
1288 2090 1386 2177 Εύρι-

241 2202 355 2287 πίδης,
376 2201 573 2286 Θεοδέκτης,
597 2206 825 2287 Καλλίμαχος,
849 2198 1018 2285 Κόριννα,
1043 2203 1253 2286 Σιμωνίδης,
1278 2205 1388 2285 Σοφο-

241 2310 331 2393 κλης,
353 2305 542 2394 Φερεκύδης
561 2309 600 2375 al.
638 2309 728 2374 Idem
748 2311 823 2393 post
841 2310 1040 2375 Demetrium
1061 2311 1160 2375 etiam
1179 2311 1275 2393 alios,
1300 2310 1388 2374 velut

241 2411 471 2501 Phavorinum,
482 2413 701 2502 Didymum3),
711 2415 932 2480 Ptolemaeum
950 2414 1202 2499 Hephaestionis
1217 2417 1279 2482 hoc
1293 2415 1388 2482 modo

242 2524 471 2608 biographicos
495 2527 653 2589 tractasse
677 2524 817 2609 putavit,
846 2522 992 2588 Dioclem
1017 2545 1036 2588 a
1059 2522 1247 2589 Nietaschio
1271 2523 1389 2589 iniuria

243 2631 448 2717 suppositum
472 2632 636 2717 expunxit.

332 2738 378 2804 At
401 2740 499 2805 etiam
519 2738 703 2804 Volkmann
727 2736 948 2822 praeiudicata
971 2737 1039 2803 fere
1060 2737 1211 2822 opinione
1234 2736 1388 2821 abreptus

242 2847 338 2912 nimis
366 2847 562 2912 confidenter
590 2869 656 2911 rem
686 2846 851 2929 tractarit,
881 2866 953 2909 cum
984 2845 1124 2930 primum
1153 2842 1285 2909 Suidam
1312 2866 1387 2929 quo·

243 2977 304 3040 que
334 2955 367 3020 in
395 2934 560 3019 nonnullis
591 2953 663 3017 vitis
693 2953 927 3018 commenticiis
957 2951 1038 3017 talia
1064 2951 1196 3016 finxisse
1220 2949 1388 3037 constet⁴),

244 3062 357 3127 deinde
381 3062 480 3126 etiam
503 3060 740 3143 Hieronymum
764 3060 803 3125 de
828 3060 904 3124 viris
928 3058 973 3123 ill.
998 3080 1025 3125 v.
1045 3057 1153 3123 lustus
1172 3056 1242 3122 Tib.
1266 3056 1306 3142 (c.
1334 3057 1387 3142 14)

243 3173 276 3234 et
305 3193 332 3235 v.
360 3167 525 3234 Modestus
559 3165 598 3252 (c.
622 3167 679 3254 32)
708 3168 807 3231 verba
838 3172 866 3232 et
896 3169 960 3249 ipsc
988 3162 1159 3250 (Sophron.
1183 3163 1238 3230 καὶ
1272 3160 1387 3249 αὐτός)

243 3299 417 3362 usurpasse
439 3280 552 3341 notum
576 3275 628 3359 sit,
652 3298 846 3360 quamquam
869 3274 950 3338 liber
974 3273 1042 3338 eius
1065 3272 1209 3338 ordinem
1228 3272 1387 3337 librorum

242 3381 317 3466 περὶ
341 3378 530 3468 ὁμωνύμων
553 3405 618 3447 non
642 3383 787 3468 sequitur
810 3380 864 3467 (cf.
878 3403 960 3466 quae
984 3380 1050 3445 dixi
1076 3380 1192 3446 Annal.
1206 3379 1283 3465 phil.
1303 3379 1417 3444 1880·

244 3515 274 3577 p.
288 3494 353 3559 822
381 3490 471 3577 not).
516 3489 738 3556 Nihilominus
768 3492 875 3554 autem
905 3488 943 3553 de
973 3487 1054 3552 libro
1081 3485 1157 3571 περὶ
1186 3481 1388 3571 ὁμωνύμων,

244 3599 332 3666 fonte
356 3598 524 3683 Hesychii,
552 3598 696 3664 dubitari
723 3597 848 3683 nequit,
875 3597 983 3680 potest
1011 3594 1140 3680 quidem
1164 3595 1203 3660 de
1232 3593 1388 3658 Demetrii

317 3772 342 3836 1)
370 3768 478 3823 Nomen
506 3771 668 3835 cormptum
695 3780 756 3819 esse
785 3762 906 3817 constat:
933 3756 1088 3830 Ἅρμειφῶν
1116 3760 1194 3830 libri,
1221 3756 1389 3830 Ἀρμειιφῶν

244 3848 275 3904 0.
292 3846 444 3903 Schneider
462 3847 537 3915 apud
552 3844 743 3900 Nietzschium
762 3845 779 3898 l.
796 3860 818 3898 c.
834 3845 863 3897 et
877 3842 906 3898 C.
921 3840 984 3895 Keil
998 3857 1042 3910 ap.
1059 3839 1226 3896 Volkmann.
1240 3859 1268 3910 p.
1282 3840 1308 3894 X
1321 3842 1390 3907 not,

242 3924 391 3998 Ἀμεωφῶν
405 3928 511 3995 Rohde,
523 3927 592 3981 Mus.
605 3926 692 3979 Rhen.
704 3923 818 3979 XXXIV
829 3928 915 3991 p621
931 3924 1002 3990 not,
1017 3922 1133 3976 nomina
1146 3921 1273 3976 confudit
1287 3921 1389 3987 Mnaso,

245 4008 336 4077 Biogr.
357 4026 383 4076 p.
398 4013 432 4061 54
451 4009 508 4061 not.
1212 3997 1221 4021 ⁸

316 4089 343 4154 2)
363 4085 458 4139 Addas
478 4084 547 4140 Eud.
566 4104 593 4156 p.
609 4091 661 4140 448
681 4082 808 4153 Κόριννα
828 4079 910 4152 ἑτέρα
930 4116 961 4124 -
982 4079 1151 4151 saturini.

315 4170 342 4235 3)
367 4165 421 4220 Sed
441 4164 590 4234 Didymum
610 4181 704 4222 eorum
723 4168 833 4219 tantum
852 4166 999 4220 nonnullos
1024 4161 1224 4233 composuisse,
1248 4161 1295 4228 qui
1314 4160 1388 4228 apud

245 4249 385 4306 scaenicos
411 4261 525 4315 graecos
555 4248 743 4312 occurrerent,
771 4244 963 4301 Ptolemaeum
987 4243 1153 4299 ementitum
1176 4257 1237 4296 esse
1261 4240 1388 4295 Homeri·

246 4348 341 4387 corum
360 4328 475 4382 heroum
495 4327 705 4395 cognominatos
724 4326 769 4394 (cf.
792 4326 870 4380 Phot.
890 4326 951 4381 cod.
973 4327 1048 4392 190),
1067 4327 1141 4378 recte
1160 4322 1269 4377 monuit
1287 4320 1389 4383 Mense,

248 4411 340 4482 Biogr.
359 4428 386 4480 p.
403 4413 437 4463 54
456 4410 513 4462 not.

317 4496 344 4561 4)
364 4486 564 4558 Quaestionem
583 4489 757 4556 perturbavit
775 4490 881 4557 Maces,
901 4487 992 4556 biogr.
1011 4503 1038 4554 p.
1056 4490 1114 4539 121.
