3036 5114
592 339 876 396 PROLEGOMENA.
1244 338 1305 393 LlX

158 506 289 588 merito,
321 510 357 570 nt
388 505 517 589 opinor,
547 505 589 570 ad
619 504 768 590 Dionysii
802 505 974 570 historiam
1008 505 1163 569 musicam
1196 505 1307 569 reiecit

158 613 253 677 Dauh
276 636 306 697 p.
326 616 390 678 417
407 636 472 698 seq.
496 614 569 679 coll.
591 613 684 678 Phot.
704 613 723 677 l.
744 635 769 678 c.
789 611 843 696 (cf.
862 613 1027 698 Egenolff‚
1050 611 1199 677 Jahrcsb.
1223 612 1306 676 1879

158 719 229 805 lp.
252 718 337 805 192).
382 719 495 807 Neque
524 721 559 784 in
586 721 761 805 lyricorum
790 720 865 784 vitis
894 720 1011 785 desunt
1034 723 1122 785 certa
1150 720 1307 804 quaedam

162 831 363 912 argumenta,
378 828 494 913 quibns
509 850 564 893 eas
580 850 617 892 ex
632 826 784 912 Dionysii
799 850 896 911 opere
912 828 1042 892 fluxisse
1057 827 1221 912 probatur,
1236 827 1307 891 dico

159 957 187 998 v.
211 933 399 1017 Πίνδαρος,
423 934 576 1017 Θέογνις,
601 937 817 1018 Μιᾎινερμος,
841 933 1049 1016 Παρθένιος,
1074 929 1222 1018 Σαπφώ,
1248 938 1307 998 Φι·

159 1037 308 1123 Adienos,
336 1041 534 1122 Ανακρέων,
567 1038 736 1126 Κόριννα,
766 1034 924 1125 Ἀλκμάν,
957 1042 1103 1126 inprimis
1138 1046 1245 1107 antem
1279 1065 1307 1107 v.

164 1153 387 1233 Καλλίμαχος,
415 1149 504 1214 cuius
528 1149 596 1214 vita
624 1171 736 1214 ansam
765 1148 806 1213 ad
833 1152 937 1213 totam
967 1151 1188 1235 quaestionem
1215 1149 1306 1213 insti-

161 1256 314 1322 tuendam
339 1254 533 1322 Schneidero
557 1256 654 1321 dedit.

248 1362 310 1428 Sed
333 1364 366 1427 in
389 1364 586 1428 comicorum
606 1362 695 1446 vitis,
718 1362 929 1448 potissimum
949 1364 989 1427 ad
1009 1365 1241 1429 enumerandas
1261 1365 1307 1429 fa-

160 1470 266 1553 bulas,
298 1493 336 1535 er
368 1471 471 1535 altero
503 1493 630 1555 qnoque
661 1469 884 1555 promptuario
915 1469 1098 1554 Hesychius
1129 1471 1307 1536 doctrinam

161 1600 253 1641 suam
272 1577 419 1642 hausisse
434 1576 597 1661 putandus
613 1582 671 1660 est,
690 1600 728 1642 ex
743 1577 954 1642 Athenaeo.
977 1576 1063 1642 Nam
1080 1581 1308 1662 praeterquam

160 1685 244 1769 qnod
269 1684 457 1770 saepissime
481 1685 564 1749 liber
584 1684 652 1749 eius
672 1685 706 1748 in
725 1685 921 1750 comicorum
942 1685 1020 1748 vitis
1036 1684 1186 1749 laudatur
1204 1683 1308 1770 (locos

161 1792 279 1876 collegi
302 1791 384 1858 Mus.
409 1792 511 1857 Rhen
529 1789 649 1856 XXXV
675 1814 706 1875 p.
725 1788 820 1878 200),
843 1814 908 1856 non
933 1791 1028 1856 modo
1052 1793 1208 1858 multost
1195 1794 1308 1861 titulos

161 1900 200 1964 de
219 1922 257 1964 eo
272 1899 411 1983 pendere
426 1904 500 1983 post
514 1899 748 1983 expositionem
760 1897 969 1980 Volkmanni,
988 1898 1026 1962 de
1042 1897 1128 1964 Suid
1143 1923 1173 1984 p.
1188 1901 1231 1966 35
1243 1925 1310 1986 seq.

160 2007 361 2092 aliorumque
385 2007 465 2071 vidit
451 2005 612 2091 tRohde,
634 2005 716 2070 Mus.
736 2005 839 2070 Rhen.
858 2003 1048 2089 XXXlIlp.
1068 2007 1130 2071 182
1151 2012 1232 2092 not,
1253 2008 1307 2072 sed

161 2115 257 2178 etiam
278 2114 463 2179 fabularum
477 2113 607 2178 tabulas
623 2113 810 2197 saepissime
830 2134 868 2176 ex
889 2133 926 2176 eo
947 2134 1095 2177 manasse
1114 2118 1204 2198 patet
1223 2138 1261 2179 ex
1280 2139 1309 2181 v.

161 2220 326 2298 Σέλευκος
337 2216 438 2305 Ἐμισ.
457 2225 491 2286 et
504 2216 734 2304 Νικόστρατος
747 2242 839 2303 κωμ.,
859 2220 887 2284 si
902 2240 975 2284 cnm
990 2218 1122 2285 Rohdeo
1138 2223 1159 2287 l.
1178 2244 1202 2288 c.
1222 2227 1308 2289 utro·

161 2353 222 2414 qne
246 2331 317 2395 loco
341 2329 547 2394 emendamus
567 2323 643 2409 παρ’
663 2323 832 2415 Ἀθηναίῳ
852 2349 911 2412 pro
931 2327 968 2392 ἐν
986 2324 1167 2414 παραθήκῃ
1191 2327 1308 2414 (ταῦτα

161 2432 237 2518 παρ’
262 2432 430 2524 Ἀθηναίῳ
454 2423 555 2518 εὗρον
579 2431 744 2520 κείμενα),
773 2434 858 2519 qnod
883 2434 1011 2518 quidem
1035 2435 1121 2499 hand
1151 2437 1307 2501 absonum

161 2544 269 2608 fuerit.
279 2542 304 2629 ¹)
341 2543 418 2608 Inde
442 2547 550 2607 antem
570 2542 717 2626 quaestio
739 2541 932 2606 difficillima
951 2541 1066 2623 oritur,
1089 2542 1174 2626 quod
1194 2540 1308 2608 Snidas

164 2673 291 2735 qnoque
312 2650 514 2715 Athenaeum
539 2647 721 2712 accuratius
748 2645 1099 2733 perlegit'saepinsqne
1123 2670 1161 2713 ex
1185 2672 1243 2715 suo
1263 2651 1308 2714 in-

161 2757 256 2842 genio
290 2757 449 2821 Athenaei
485 2755 677 2840 quibusdam
711 2755 790 2819 locis
822 2755 906 2819 vitas
943 2752 1168 2838 Hesychianas
1205 2757 1308 2840 inqni·

162 2864 261 2929 navit.
305 2864 419 2950 ltaque
447 2863 626 2928 rectissime
655 2862 763 2944 Dant,
797 2861 835 2926 de
859 2858 944 2927 Snid.
972 2884 1003 2945 p.
1026 2863 1092 2928 482
1116 2884 1196 2948 seq,
1224 2863 1309 2947 quod

162 2971 294 3036 iteravit
316 2969 406 3036 Stnd.
429 2994 459 3054 p.
483 2971 543 3035 138
559 2992 638 3055 seq,
667 2971 753 3035 inter
776 2969 933 3053 Hesychii
957 2974 989 3034 et
1013 2967 1128 3034 Snidae
1153 2970 1309 3035 articulos

162 3066 218 3144 vel
238 3077 447 3143 articulomm
475 3077 697 3142 additamenta
724 3075 988 3162 distinguendum
1017 3099 1087 3142 esse
1111 3074 1308 3164 iudicavit.²)

162 3185 210 3250 Ac
229 3184 368 3268 primum
392 3184 521 3268 quidem
544 3189 631 3248 recte
654 3184 817 3267 perspexit
841 3184 984 3248 omnium
1008 3185 1167 3268 locorum,
1192 3185 1307 3269 quihus

162 3291 349 3356 Athenaeus
366 3290 436 3373 ipse
456 3289 612 3374 laudetur,
632 3290 774 3354 indolem
793 3312 863 3355 eam
878 3314 963 3375 esse,
986 3296 1024 3356 ut
1042 3295 1172 3376 praeter
1190 3314 1308 3357 nomen

117 3424 120 3429 ’
161 3403 277 3482 poetae
304 3397 351 3462 nil
381 3397 444 3461 nisi
475 3397 562 3462 tituli
596 3397 722 3482 aliquot
753 3402 987 3464 enumerentur.
1034 3396 1158 3463 Deinde
1190 3401 1308 3481 antem,

162 3504 194 3569 id
213 3505 299 3589 quod
319 3503 546 3590 gravissimum
567 3503 694 3568 videtur
711 3510 938 3590 argumentum
960 3528 1043 3584 esse,
1062 3504 1174 3569 eodem
1194 3505 1307 3570 ordine

162 3616 364 3677 enumeratas
393 3632 462 3676 esse
485 3610 625 3694 fabulas,
650 3632 713 3694 quo
736 3610 873 3677 fortuito
902 3613 987 3696 apud
1010 3612 1213 3677 Athenaeum
1242 3612 1308 3677 lan·

162 3719 287 3784 dentur.
332 3717 420 3795 Quae
449 3718 476 3782 si
504 3721 589 3783 recte
618 3717 789 3783 observata
812 3724 904 3805 sunt,
932 3740 1141 3807 permagnam
1165 3720 1306 3784 vitarum

79 3867 81 3871 -
163 3825 358 3892 comicorum
389 3829 515 3909 partem
544 3847 582 3889 ex
606 3824 761 3913 Hesychii
783 3827 944 3892 thesauris
972 3849 1036 3892 non
1066 3827 1197 3892 fluxisse
1221 3831 1306 3892 recte

163 3932 344 4019 suspiceris.
368 3933 531 4016 Attamen,
551 3954 622 3997 cum
643 3932 681 3996 de
700 3933 866 3999 nonnullis
886 3934 962 3999 vitis
982 3934 1098 3999 merito
1118 3935 1222 4018 possit
1241 3957 1305 3999 am-

162 4041 245 4128 bigi,
269 4062 389 4122 omnes,
408 4044 445 4104 nt
464 4039 569 4117 decet,
588 4040 622 4103 in
636 4039 811 4105 editionem
826 4062 930 4105 meam
945 4041 1065 4126 recepi3
1084 4041 1305 4128 quaestionem

163 4147 248 4212 enim
269 4147 434 4212 incohavit
456 4147 565 4232 Dant,
588 4169 654 4211 non
678 4146 826 4211 absolvit.
1338 4138 1340 4143 ’

164 4275 376 4285 ..ἡ-...-

236 4349 261 4397 ll
286 4342 371 4397 Secns
395 4340 429 4395 de
448 4340 491 4395 his
509 4340 578 4395 locis
597 4340 704 4396 indicat
722 4341 894 4410 Volkmann,
914 4342 1025 4407 Quaest.
1045 4361 1108 4398 nor.
1131 4343 1167 4396 Xl
1186 4345 1243 4396 not.
1262 4349 1303 4396 19.

234 4423 262 4489 2)
282 4420 426 4476 Eiusmodi
444 4420 638 4476 additamenta
659 4422 688 4477 in
708 4422 834 4478 Violario
854 4424 967 4479 omnino
987 4440 1042 4479 non
1061 4424 1192 4491 inveniri,
1212 4423 1304 4479 obscr-

164 4501 242 4557 vavit
259 4502 346 4560 enam
364 4500 533 4556 Volkmann.
