3036 5114
626 322 839 379 HESYCHIUS.
1261 324 1304 388 69

120 570 127 577 μ
157 486 226 552 τῶν
257 481 341 552 κατά
370 490 578 571 φιλοσοφίαν
610 485 787 570 αἱρέσεων,
824 485 898 572 περὶ
931 482 1088 571 άλυπίας,
1125 485 1305 582 διαλόγους

158 591 304 671 πολλοὺς
326 591 381 660 καὶ
404 591 613 680 γραμματικά
637 592 752 680 συχνά.
1163 577 1169 582 ’
1207 579 1221 583 ..
1291 580 1305 585 ⁶

248 701 383 769 OCLXI.
422 696 637 786 [Ἑρέννιος
665 697 683 768 ὁ
715 704 829 769 Φίλων
857 697 874 769 ὁ
904 699 1064 786 Βύβλιος,
1093 697 1111 768 ὁ
1137 697 1305 788 Ἐρέννιος

160 813 374 895 χρηματίσας,
398 804 444 887 ὡς
462 805 563 887 αὐτός
585 813 712 894 φησιν]

248 916 401 984 OGLXII.
422 913 584 1003 Ἔριφος
605 913 757 1001 κωμικός.
792 919 859 982 τῶν
884 914 1062 1001 δραμάτων
1085 913 1190 984 αὐτοῦ
1214 918 1303 985 ἐστιν
1318 933 1338 973 ⁵·
1367 956 1387 1001 ,ς
1406 950 1445 997 a...

161 1031 291 1107 Αἴολος,
316 1023 516 1109 Πελταστής,
541 1026 719 1110 Μελίβοια,
743 1019 1109 1111 ᾦςφησ-ιυίΑθ-ήυαιος
1132 1025 1237 1117 ἐντῷ
1261 1024 1304 1091 ιδ’

158 1135 226 1199 τῶν
250 1128 538 1216 Δειπνοσφιστῶν.

247 1236 417 1306 OOLXHI.
445 1232 691 1322 Ἑρμαγόρας
711 1232 948 1323 Ἀμφιπολίτης
971 1235 1171 1325 φιλόσοφος,
1194 1249 1303 1326 μαθη-

156 1342 216 1431 τὴς
235 1349 414 1432 Περσαίου.
452 1342 604 1428 διάλογοι
623 1341 728 1411 αὐτοῦ
747 1343 918 1429 μισοκάων
937 1342 957 1431 ἢ
977 1346 1051 1430 περὶ
1072 1341 1302 1432 ἀτυχημάτων,

157 1457 295 1538 ἔκχυτον
319 1453 402 1539 (ἔστι
427 1449 464 1518 δὲ
489 1447 682 1545 βοσκοπία),
706 1451 780 1539 περὶ
809 1458 1000 1539 σοφιστείας
1023 1451 1106 1538 πρὸς
1123 1456 1202 1534 τοὺς
1221 1452 1299 1522 duo·
1317 1472 1341 1510 1⁰

156 1556 347 1648 δημαιῖιιοάς.
1047 1548 1057 1555 ”

245 1666 412 1736 OGLXIV.
453 1661 699 1753 Ἑρμαγόρας
722 1669 800 1752 <ίιι>
832 1666 968 1753 Τήμυου
997 1670 1055 1754 τῆς
1079 1673 1252 1754 Αἰολίδος,
1283 1665 1294 1738 i

156 1774 351 1866 ίπιηιληδεὶς-
365 1777 520 1863 Ιζαρίωυ,
545 1772 664 1860 ῥήτωρ.
700 1774 817 1860 τέχνας
836 1773 1011 1862 ῥητορικάς
1035 1779 1071 1844 ἐν
1095 1781 1237 1862 βιβλίοις
1256 1776 1300 1861 ς’,

155 1884 230 1968 περὶ
245 1884 444 1970 ἐξεργασίας,
458 1881 533 1967 περὶ
548 1882 740 1966 πρέποντος,
755 1882 830 1969 περὶ
845 1881 1010 1969 φράσεως,
1024 1884 1099 1968 περὶ
1114 1881 1300 1970 σχημάτων.

73 2052 121 2081 Μ
155 1993 329 2058 ἐπαίδευσε
358 1987 394 2056 δὲ
427 1977 526 2066 οὗτος
552 1985 633 2074 μετὰ
661 1993 820 2056 Κεκιλίου
848 1991 885 2057 ἐν
908 1986 1016 2078 Ῥάμη
1046 1990 1097 2057 ἐπὶ
1127 1995 1300 2075 Καίσαρος
1315 2006 1340 2044 1⁵
1378 2018 1423 2052 ειη,

156 2094 357 2183 Αὐγούστου
378 2095 434 2162 καὶ
457 2097 591 2183 τελευτᾷ
616 2094 730 2179 πόρρω
753 2098 811 2181 τῆς
832 2092 969 2182 ἡλικίας.

244 2204 394 2273 CCLXV.
408 2198 586 2289 Ἑρμείας
600 2201 798 2288 φιλόσοφος,
812 2201 1002 2289 Ἀμμωνίου
1015 2205 1070 2271 καὶ
1079 2200 1299 2289 Ἡλιοδώρου,

154 2317 222 2382 τῶν
247 2309 458 2378 διδασκάλων
479 2314 688 2396 Δαμασκίου,
711 2309 827 2397 πατήρ.
860 2301 917 2396 [ἦν
942 2310 979 2378 δὲ
999 2307 1015 2379 ὃ
1032 2309 1184 2399 Ἑρμείας
1203 2318 1301 2398 φίλος

154 2422 187 2500 ἐς
210 2418 251 2489 τά
274 2417 415 2506 μάλιστα
438 2415 596 2506 Αίγόπτςο
620 2414 755 2508 ἀδελφῷ
780 2416 956 2504 Θεοδότης,
980 2417 1103 2507 μητρὸς
1123 2416 1299 2507 ’Ῑσιδάρου

155 2525 358 2614 φιλοσόφου·
383 2521 401 2594 ὁ
429 2525 466 2593 δὲ
490 2534 660 2612 Αἴγυπτος
682 2517 725 2611 ἦν
749 2525 964 2613 φιλομαθής]
1312 2543 1339 2582 ²0

152 2660 364 2667 ——.-—.———..

227 2732 240 2780 1
261 2721 410 2794 διαλόγους
429 2727 574 2788 πλείστους
593 2722 640 2778 nal
659 2718 730 2777 άλλα
748 2719 812 2778 τινά
832 2723 907 2777 Euo.

225 2806 329 2862 cccxi
350 2825 403 2862 om.
420 2808 557 2862 Westerm.
584 2805 665 2861 Corte
679 2805 741 2859 tota
754 2805 848 2874 glossa
862 2820 895 2874 es
907 2803 969 2874 pito
983 2804 1109 2860 Philonis
1124 2807 1297 2876 deprompto,

152 2887 200 2942 ubi
224 2888 259 2942 ad
283 2888 387 2943 calcem
411 2887 544 2942 adiuncta
567 2889 628 2941 erat
651 2879 704 2953 (ὅτι
731 2878 839 2947 ὕπατος
864 2882 979 2954 γέγονεν
1003 2880 1018 2940 ὁ
1044 2888 1134 2940 Φίλων
1158 2882 1299 2955 Ἐρέννιος

152 2972 336 3040 χρηματίσας,
356 2965 393 3031 ὡς
412 2963 498 3030 αὐτός
517 2970 614 3037 φησιν)
686 2973 702 3020 3
723 2968 781 3021 Φιλ.
802 2962 816 3019 ὁ
838 2972 867 3020 Β.
887 2969 958 3035 otilo.
979 2962 994 3020 ὁ
1015 2969 1045 3022 Φ.
1066 2963 1081 3021 ό
1102 2969 1212 3038 Βίβλιος
1225 2974 1280 3021 ΔΗ

223 3048 342 3104 CCLXII
361 3049 428 3104 Euo
455 3068 481 3119 p.
502 3054 561 3109 291.
599 3046 727 3101 Meinolsc
746 3048 759 3099 I
778 3065 803 3115 p.
824 3051 876 3101 420
895 3050 924 3102 et
942 3046 1035 3115 Daub,
1055 3049 1180 3104 deSuid.
1200 3069 1227 3119 p.
1244 3056 1296 3104 483

152 3136 168 3185 5
188 3126 262 3186 ἐστὶν
282 3147 335 3187 om.
351 3130 426 3184 Ειιιλ,
482 3135 498 3183 o
517 3124 554 3190 ὡς
569 3160 603 3168 -
618 3127 682 3182 exit.
702 3143 755 3180 om.
771 3127 847 3181 Eud.
902 3147 953 3197 pro
972 3126 1011 3183 ιδ’
1027 3148 1096 3186 corr.
1112 3127 1141 3183 δ’
1159 3132 1296 3190 Weste-rm.

151 3211 214 3265 coll.
229 3209 330 3265 Athen.
346 3210 384 3264 IV
399 3229 426 3280 p.
444 3216 494 3264 134
508 3211 537 3263 et
552 3215 611 3278 137,
627 3204 659 3262 ιε’
674 3207 822 3278 proposuit
837 3209 919 3262 Doob
935 3210 998 3264 coll.
1013 3209 1114 3266 Athen.
1130 3210 1180 3263 XV
1195 3230 1221 3281 p.
1236 3217 1295 3266 693.

151 3291 191 3347 Dc
210 3290 351 3345 Meliboea
369 3310 393 3345 v.
416 3290 514 3345 Athen.
535 3289 573 3343 ΙΙΙ
592 3308 619 3359 p.
639 3294 686 3356 84,
706 3288 756 3341 Vll
775 3307 802 3357 p.
822 3294 889 3355 302,
909 3290 959 3343 XV
979 3309 1005 3359 p.
1026 3296 1077 3344 693

222 3370 355 3427 CCLXIII
373 3371 448 3425 Eud.
469 3390 494 3440 p.
515 3377 566 3425 302
657 3376 673 3423 9
698 3367 833 3437 φέρονται
853 3363 942 3425 αὐτοῦ
965 3365 1091 3438 διάλογοι
1110 3370 1199 3437 Ειιδ.,
1225 3389 1296 3440 quoe

151 3450 268 3522 ἔκχυτον
291 3454 414 3507 extremo
438 3452 500 3506 loco
523 3450 650 3506 laudavit
738 3445 756 3519 ἢ
780 3451 938 3519 insolidati.
963 3449 1076 3520 scripsit
1101 3451 1237 3507 Wosterm.
1264 3451 1294 3506 α’

152 3534 215 3602 περὶ
234 3535 305 3601 vulp.
326 3529 356 3586 α’
377 3550 431 3587 om.
450 3537 496 3585 BE

223 3613 355 3669 cccxlv
374 3614 449 3668 Ειια.
468 3631 495 3682 p.
515 3618 575 3668 osc.
613 3613 653 3666 De
673 3611 778 3666 Temno
798 3631 822 3668 ι.
844 3610 944 3666 Strabo
962 3609 1027 3664 xm
1045 3629 1071 3680 p.
1087 3617 1142 3665 σοι
1211 3620 1242 3668 ιο
1264 3609 1295 3668 ἐκ

153 3698 185 3751 Τ.
202 3712 270 3750 corr.
290 3695 435 3749 Reiceeiue
454 3689 485 3748 ἔτι
508 3711 560 3748 om.
580 3692 645 3746 libri
733 3686 769 3746 13'
786 3693 907 3760 Καρίων.
927 3687 1062 3760 ῥητορικά·
1080 3693 1152 3761 seclo.
1173 3696 1295 3761 Καρίων.

150 3770 299 3843 ῥητορικάς
317 3781 375 3831 ΔΙδ.
399 3771 497 3844 βήτοιρ.
518 3772 618 3844 τέχνας
636 3769 786 3844 ῥητορικάς
805 3790 820 3828 e
839 3773 918 3827 codd.
933 3771 995 3826 Per.
1011 3772 1149 3828 Kusteros
1186 3772 1292 3843 ἔγραψε

150 3853 267 3924 μελέτας
288 3851 529 3925 βητοριιιάςἘιιιί.
606 3862 637 3909 14
660 3856 725 3924 post
747 3850 903 3922 πρέποντος
926 3853 989 3907 add.
1010 3854 1086 3908 Eud.
1110 3856 1174 3922 περὶ
1198 3852 1294 3910 κάλων

150 3935 197 4002 καὶ
217 3930 357 4004 περιόδων
376 3952 447 4003 quoe
467 3934 551 3989 verbo
569 3934 609 3988 nil
628 3934 682 3988 nisi
698 3934 958 4004 interpretationem
977 3934 1042 3989 libri
1061 3934 1125 4003 περὶ
1145 3933 1294 4005 σχημάτων

150 4013 293 4069 continere
311 4032 367 4068 non
385 4015 534 4084 persuadet
552 4015 650 4081 Dant,
669 4015 733 4083 περὶ
752 4011 842 4069 κάλον
861 4015 910 4069 sal
929 4012 1071 4084 κόμματος
1090 4015 1138 4069 καὶ
1157 4014 1293 4084 περιόδου

150 4094 260 4164 scripsit
278 4095 417 4149 Lacharee
436 4094 481 4162 (cf.
501 4113 526 4150 v.
542 4092 684 4165 Λαχάρης)
704 4093 852 4166 σχημάτων
871 4093 1026 4164 ὁητοριιιῶν
1049 4095 1096 4149 καλ
1116 4093 1186 4150 ἄλλα
1205 4093 1292 4150 πολλά

150 4172 226 4229 Eud.
245 4172 346 4227 ceteris
366 4173 472 4228 omissis
544 4180 578 4227 15
597 4177 728 4229 Κεκιλίου
746 4182 796 4229 AV
821 4177 956 4230 Weolcrm.
976 4178 1123 4230 Καικιλίου
1143 4177 1213 4244 cosla.

220 4252 339 4308 CCLXV
362 4251 403 4307 cf.
418 4252 505 4320 Diels,
524 4252 593 4308 Dox.
607 4271 633 4322 p.
649 4261 701 4310 269
711 4274 767 4326 seq.
837 4262 869 4310 18
892 4247 928 4324 ἦν
950 4253 982 4310 δὲ
1003 4272 1059 4324 seq.
1080 4273 1133 4311 om.
1153 4261 1176 4306 V
1197 4255 1292 4325 itaque

149 4350 182 4388 ex
202 4334 349 4389 Damascio
367 4333 514 4388 accessisse
537 4334 683 4404 probabile
698 4340 747 4390 cst.
768 4336 871 4389 Votum
890 4335 961 4389 vidit
976 4336 1149 4406 Bernhardy.
1215 4333 1292 4403 φιλό·

149 4431 237 4482 σοφος
254 4418 310 4470 ΒΕ.
392 4421 426 4468 20
450 4412 567 4468 Addidit
588 4415 723 4469 nonnulle
746 4415 846 4471 Suidas
870 4433 902 4470 ex
922 4416 1068 4470 Damascio
1087 4414 1169 4468 Phot.
1193 4433 1219 4485 p.
1240 4422 1288 4469 341

150 4493 283 4565 decerpta
941 4507 947 4516 '
