3036 5114
606 333 890 394 Pronnoonnnn.
1207 330 1323 388 XXXIII

182 504 337 590 Quodque
362 508 586 588 argumentum
611 491 842 598 grauissimum
866 501 961 566 nobis
986 500 1220 580 videturesse,
1244 496 1322 562 orni·

181 612 224 676 sit
246 613 331 677 ultas
353 612 475 689 Heleni,
498 610 684 675 Xenocratis
701 609 955 692 Aplrrodisicnsis
978 605 1077 691 (quod
1102 628 1218 671 nomen
1244 605 1325 669 desi·

183 719 314 784 derutur
335 718 464 804 quidem
488 717 521 783 in
541 715 691 782 Suidanis
712 717 815 800 libris,
839 715 893 780 sed
917 718 1007 780 extat
1027 715 1095 778 eius
1114 715 1191 795 vita,
1215 732 1325 797 quam·

182 810 278 909 qu'am
296 825 379 890 hane
394 825 521 910 quidem
537 824 695 908 Hesychii
715 847 780 889 non
800 846 870 888 esse
884 822 1016 906 probari
1031 818 1169 906 nequit),
1188 819 1324 884 alteram

182 932 317 1015 Pollctis,
341 932 510 1009 Posidonii,
535 932 684 1015 Telepcni,
708 953 788 1015 quas
813 952 850 993 ex
870 929 1073 995 uberioribus
1092 927 1186 992 lexiei
1205 926 1325 1011 glossis

183 1039 253 1124 ipse
277 1038 392 1104 Suidas
416 1037 587 1122 descripsit
610 1041 643 1102 et
666 1037 889 1102 conformavit.
926 1036 1019 1113 Quod
1039 1035 1066 1099 si
1086 1031 1201 1099 Suidae
1221 1054 1325 1096 exem-

182 1147 264 1231 plari
293 1146 401 1230 aliquo
428 1144 574 1210 Eudocia
601 1167 661 1209 usa
689 1150 751 1229 est,
783 1166 849 1209 non
876 1143 1034 1228 Hesychii
1064 1143 1219 1226 epitome,
1247 1161 1324 1204 sane

180 1254 344 1338 epitomen
373 1274 437 1316 non
461 1253 627 1337 ignorasse
652 1257 749 1336 atque
772 1252 856 1315 mira
878 1250 988 1315 iudicii
1012 1251 1189 1335 sagacitate
1213 1268 1324 1312 omnes

181 1361 386 1445 quaestiones
406 1358 524 1424 abillo
544 1358 756 1424 abhorrentes
776 1381 847 1423 eam
871 1358 1009 1424 evitasse
1029 1356 1183 1441 sequitur.
1220 1355 1324 1432 Quam

181 1490 249 1532 rem
272 1468 324 1532 vel
347 1468 418 1532 ideo
441 1465 615 1531 absurdam
638 1488 708 1531 esse
727 1466 852 1551 opinor,
876 1465 960 1551 quod
984 1488 1040 1530 cur
1059 1463 1201 1529 Eudocia
1218 1463 1324 1546 ipsam
1425 1456 1430 1466 ⁴

180 1574 344 1660 epitomen
370 1597 467 1659 quam
495 1571 613 1640 Suidae
643 1573 761 1638 molem
789 1574 965 1659 compilare
992 1594 1058 1638 non
1084 1571 1245 1651 maluerit,
1277 1569 1325 1634 in·

181 1681 313 1746 telleotn
342 1688 392 1745 est
419 1679 592 1746 admodum
616 1679 756 1745 difficile.
798 1678 855 1744 Sin
884 1683 993 1744 autem
1021 1678 1173 1743 falsarius
1197 1676 1324 1741 Pulchii

180 1787 354 1853 Rhenanus
378 1786 561 1853 VIoIarium
592 1787 787 1870 composuit,
815 1808 886 1850 eum
916 1807 1043 1870 quoque
1071 1784 1200 1850 saeculo
1230 1790 1322 1850 sexto

180 1894 305 1959 decimo
333 1893 489 1978 Hesychii
523 1895 687 1978 epitomen
719 1893 801 1958 bene
833 1893 963 1957 novisse
997 1897 1029 1955 et
1056 1891 1202 1957 fraudem
1233 1914 1325 1956 suam

180 2000 388 2065 callidissime
410 2001 590 2067 instItuisse
613 2004 714 2085 patet.
759 1999 851 2076 Quod
874 2021 933 2064 nec
957 2001 1063 2064 minus
1086 1999 1232 2083 ineptum
1256 2020 1326 2063 esse

185 2129 278 2172 nemo
302 2107 445 2192 negabit.

269 2213 330 2279 His
346 2215 516 2281 adnectam
531 2214 617 2279 aliud
632 2236 722 2279 meae
738 2214 915 2279 sententiae
926 2214 1162 2279 documentum.
1182 2211 1327 2278 Eudocia

180 2322 313 2406 praebet
338 2322 468 2387 Cornuti
495 2323 594 2387 vitam
626 2344 690 2387 non
719 2322 847 2406 qualem
877 2320 1049 2406 descripsit
1072 2318 1187 2386 Suidas
1216 2326 1325 2386 conta-

180 2430 337 2493 minatam
361 2450 431 2494 cnm
456 2429 603 2493 uberiore
627 2428 766 2513 rhetoris
790 2429 1012 2513 cognominati
1035 2430 1103 2494 vIta
1126 2414 1166 2493 en
1189 2429 1325 2493 Aeliano

125 2539 128 2546 '
180 2534 350 2620 descripta,
374 2535 430 2600 sed
453 2541 597 2601 extrema
621 2538 748 2600 tantum
771 2537 840 2600 eius
863 2536 993 2601 articuli
1015 2537 1123 2619 verba,
1147 2559 1227 2621 quae
1251 2557 1326 2620 pro-

180 2641 265 2706 fecto
292 2643 332 2707 de
360 2641 553 2728 philosopho
583 2642 669 2708 dieta
695 2643 800 2726 ipsius
827 2642 984 2727 Hesychii
1013 2647 1096 2708 sunt
1106 2642 1130 2728 ¹)
1178 2643 1325 2720 Quonam

181 2752 287 2811 autem
312 2747 408 2813 modo
432 2749 511 2814 haec
535 2748 607 2833 ipsa
630 2749 730 2814 verba
754 2749 929 2833 prudenter
952 2772 1023 2814 eam
1045 2750 1242 2833 excerpsisse
1261 2755 1327 2815 sta·

179 2857 316 2937 tuemus,
340 2855 368 2918 si
391 2878 518 2920 omnem
542 2878 580 2920 er
600 2855 677 2920 Aldi
701 2856 839 2921 editione
864 2856 1044 2921 doctrinam
1065 2878 1158 2921 suam
1176 2856 1325 2922 hausisse

181 2962 325 3045 putanda
357 2960 463 3047 est‘?²)
514 2961 562 3026 De
593 2962 680 3028 (desii
712 2962 847 3047 denique
876 2968 909 3027 et
936 2961 1090 3027 Domnioi
1118 2963 1195 3028 vltis
1224 2962 1326 3047 Hesy-

180 3066 313 3150 chianis,
337 3090 417 3152 quae
441 3068 557 3133 desunt
575 3069 607 3133 in
629 3067 746 3134 Suidae
765 3069 879 3155 lexico,
903 3069 1065 3154 disputavi
1083 3068 1214 3135 Unters.
1228 3094 1258 3155 p.
1274 3072 1327 3137 60.

180 3173 229 3239 De
253 3175 424 3240 Menomtri
447 3176 523 3258 vita,
548 3197 645 3261 quam
669 3178 806 3241 tractavi
824 3175 955 3243 Unters.
968 3200 998 3261 p.
1013 3179 1051 3242 ol
1075 3181 1109 3242 et
1127 3176 1208 3243 Mus.
1224 3177 1326 3243 Rhen

181 3279 323 3346 XXXIII
346 3305 376 3367 p.
395 3282 473 3367 229,
497 3304 565 3347 rem
589 3304 704 3367 parum
728 3287 876 3348 constare
900 3307 997 3368 supra
1020 3284 1095 3349 dixi.

270 3386 338 3455 Neo
358 3391 464 3454 minus
483 3390 510 3453 si
525 3389 671 3474 singulas
685 3391 875 3475 respicimus
888 3391 1052 3457 Eudoeiae
1066 3395 1173 3456 textus
1189 3392 1326 3476 scriptu-

180 3517 248 3580 ras,
271 3517 402 3581 prorsus
426 3497 519 3561 aliter
544 3497 766 3581 quaestionem
789 3497 975 3563 solvendam
995 3521 1065 3564 esse
1087 3498 1206 3583 iudicO,
1229 3522 1325 3583 quam

181 3602 315 3669 Pulchio
335 3605 440 3669 visum
459 3609 517 3669 est.
558 3604 702 3669 Primum
722 3604 807 3669 enlm
825 3605 905 3670 haec
923 3606 1070 3690 exempla
1088 3606 1179 3671 iuvat
1198 3628 1326 3671 enume-

181 3733 267 3795 rare,
285 3713 400 3797 quibus
420 3733 493 3777 eum
512 3710 699 3776 melioribus
715 3709 831 3777 Suidae
845 3712 937 3778 libris
951 3712 1133 3778 Violarinm
1148 3714 1326 3799 conspiret:

255 3934 280 3998 1)
298 3932 374 3987 Idem
394 3933 512 3987 sonasse
531 3932 708 4002 contigisset,
728 3930 752 3986 si
768 3932 924 3988 Aristarchi
938 3933 1079 4003 Tegeatae
1098 3935 1185 3989 vitam
1204 3933 1323 3988 ViolarIi

182 4015 279 4067 auctor
297 4012 448 4068 memoriae
467 4010 643 4081 prodidisset.
681 4012 753 4066 Nam
773 4012 802 4066 in
821 4029 855 4066 ea
872 4031 984 4082 quoque
1003 4013 1103 4070 Suidas
1122 4014 1256 4083 Hesychii
1277 4015 1324 4067 de·

182 4110 257 4146 mum
280 4093 368 4148 vitam
391 4093 510 4162 profert,
538 4095 685 4161 postquam
709 4092 820 4162 peregit
841 4093 1079 4149 narratiunculam
1103 4096 1138 4150 de
1162 4094 1324 4149 Aristarcho

182 4170 296 4227 aliunde
316 4174 518 4242 depromptam.

252 4255 279 4318 2)
301 4251 395 4318 Addo,
418 4251 493 4322 quod
511 4250 540 4305 in
558 4251 662 4307 Aldina
679 4253 748 4307 haec
768 4254 865 4319 verba,
890 4271 953 4308 cum
971 4254 1065 4310 media
1083 4256 1112 4310 in
1137 4257 1241 4312 lineola
1259 4273 1325 4310 con-

181 4329 253 4384 tinui
277 4333 368 4386 textus
392 4334 534 4402 legantur,
558 4331 634 4385 nullo
654 4334 737 4387 modo
756 4332 879 4387 dilucide
898 4336 1011 4401 signata
1028 4337 1104 4403 sunt,
1123 4337 1196 4391 unde
1216 4336 1244 4390 in
1264 4336 1324 4388 Sui-

181 4409 233 4463 due
256 4412 374 4467 articulo
397 4413 467 4466 duas
490 4412 597 4480 glossas
617 4412 684 4467 olim
704 4414 862 4477 distinctas,
882 4429 999 4480 quarum
1018 4416 1136 4484 utraque
1155 4416 1192 4469 ab
1211 4417 1323 4470 nominc

181 4490 303 4543 auctoris
321 4491 478 4561 incohent,
497 4491 608 4546 AeIIani
627 4495 656 4547 et
675 4492 822 4562 Hesychii,
841 4493 971 4548 confusas
990 4510 1050 4549 esse
1068 4498 1158 4563 patet.

235 4599 385 4650 Haeremus,
399 4599 433 4640 ed
447 4598 527 4640 Flacln
1099 4600 1114 4637 0
