<?xml version="1.0" encoding="UTF-8"?>
<!DOCTYPE html PUBLIC "-//W3C//DTD XHTML 1.0 Transitional//EN"
    "http://www.w3.org/TR/xhtml1/DTD/xhtml1-transitional.dtd">
<html xmlns="http://www.w3.org/1999/xhtml" xml:lang="en" lang="en">
 <head>
  <title>
</title>
<meta http-equiv="Content-Type" content="text/html;charset=utf-8" />
  <meta name='ocr-system' content='tesseract 3.04.00' />
  <meta name='ocr-capabilities' content='ocr_page ocr_carea ocr_par ocr_line ocrx_word'/>
</head>
<body>
  <div class='ocr_page' id='page_1' title='image "./hesychiimilesii01flacgoog_0334.png"; bbox 0 0 3036 5114; ppageno 0'>
   <div class='ocr_carea' id='block_1_1' title="bbox 596 361 1383 433">
    <p class='ocr_par' dir='ltr' id='par_1_1' title="bbox 596 361 1383 433">
     <span class='ocr_line' id='line_1_1' title="bbox 596 361 1383 433; baseline 0.004 -12"><span class='ocrx_word' id='word_1_1' title='bbox 596 362 791 421; x_wconf 81' lang='lat' dir='ltr'><strong>APPEMDIX.</strong></span> <span class='ocrx_word' id='word_1_2' title='bbox 1201 361 1263 424; x_wconf 78' lang='grc'><strong><em>251</em></strong></span> <span class='ocrx_word' id='word_1_3' title='bbox 1381 427 1383 433; x_wconf 71' lang='grc'><strong><em>,</em></strong></span> 
     </span>
    </p>
   </div>
   <div class='ocr_carea' id='block_1_2' title="bbox 94 520 1351 3724">
    <p class='ocr_par' dir='ltr' id='par_1_2' title="bbox 94 520 1351 3724">
     <span class='ocr_line' id='line_1_2' title="bbox 123 520 1267 618; baseline -0.01 -18"><span class='ocrx_word' id='word_1_4' title='bbox 123 533 176 601; x_wconf 81' lang='grc' dir='ltr'><strong><em>ἐπὶ</em></strong></span> <span class='ocrx_word' id='word_1_5' title='bbox 201 537 366 618; x_wconf 81' lang='grc' dir='ltr'><strong><em>Διοτίμου</em></strong></span> <span class='ocrx_word' id='word_1_6' title='bbox 389 527 551 617; x_wconf 76' lang='grc' dir='ltr'><strong><em>ἄρχοντος</em></strong></span> <span class='ocrx_word' id='word_1_7' title='bbox 572 524 755 614; x_wconf 75' lang='grc' dir='ltr'><strong><em>&lt;Ἀθήνησι</em></strong></span> <span class='ocrx_word' id='word_1_8' title='bbox 773 524 850 611; x_wconf 77' lang='grc' dir='ltr'><strong><em>καὶ)</em></strong></span> <span class='ocrx_word' id='word_1_9' title='bbox 869 521 965 612; x_wconf 80' lang='grc' dir='ltr'><strong><em>βιοὺς</em></strong></span> <span class='ocrx_word' id='word_1_10' title='bbox 985 528 1039 609; x_wconf 87' lang='grc' dir='ltr'><strong><em>ἔτη</em></strong></span> <span class='ocrx_word' id='word_1_11' title='bbox 1059 520 1267 609; x_wconf 79' lang='grc' dir='ltr'><strong><em>ὀγδοήκοντα</em></strong></span> 
     </span>
     <span class='ocr_line' id='line_1_3' title="bbox 124 627 1267 726; baseline -0.01 -19"><span class='ocrx_word' id='word_1_12' title='bbox 124 638 187 707; x_wconf 85' lang='grc' dir='ltr'><strong><em>δύο</em></strong></span> <span class='ocrx_word' id='word_1_13' title='bbox 215 638 394 726; x_wconf 76' lang='grc' dir='ltr'><em>μετήλλαξε</em></span> <span class='ocrx_word' id='word_1_14' title='bbox 423 634 484 704; x_wconf 86' lang='grc' dir='ltr'><strong><em>τὸν</em></strong></span> <span class='ocrx_word' id='word_1_15' title='bbox 511 639 589 722; x_wconf 87' lang='grc' dir='ltr'><strong><em>βίον</em></strong></span> <span class='ocrx_word' id='word_1_16' title='bbox 620 635 672 704; x_wconf 80' lang='grc' dir='ltr'><strong><em>ἐπὶ</em></strong></span> <span class='ocrx_word' id='word_1_17' title='bbox 695 638 878 720; x_wconf 78' lang='grc' dir='ltr'><em>Θεοφίλου,</em></span> <span class='ocrx_word' id='word_1_18' title='bbox 904 628 1130 719; x_wconf 73' lang='grc' dir='ltr'><strong><em>Ἀριστοτέλης</em></strong></span> <span class='ocrx_word' id='word_1_19' title='bbox 1159 627 1196 697; x_wconf 69' lang='grc' dir='ltr'><strong><em>δὲ</em></strong></span> <span class='ocrx_word' id='word_1_20' title='bbox 1218 653 1267 697; x_wconf 96' lang='grc' dir='ltr'><strong><em>τε-</em></strong></span> 
     </span>
     <span class='ocr_line' id='line_1_4' title="bbox 124 738 1269 835; baseline -0.011 -20"><span class='ocrx_word' id='word_1_21' title='bbox 124 747 218 835; x_wconf 75' lang='grc' dir='ltr'><strong><em>χθεὶς</em></strong></span> <span class='ocrx_word' id='word_1_22' title='bbox 236 746 289 814; x_wconf 84' lang='grc' dir='ltr'><strong><em>έπὶ</em></strong></span> <span class='ocrx_word' id='word_1_23' title='bbox 309 745 551 830; x_wconf 86' lang='grc' dir='ltr'><strong><em>Διοτ&lt;ρέφονς,</em></strong></span> <span class='ocrx_word' id='word_1_24' title='bbox 570 743 626 810; x_wconf 81' lang='grc' dir='ltr'><strong><em>καὶ</em></strong></span> <span class='ocrx_word' id='word_1_25' title='bbox 644 740 760 828; x_wconf 81' lang='grc' dir='ltr'><strong><em>βιοὺς&gt;</em></strong></span> <span class='ocrx_word' id='word_1_26' title='bbox 779 746 835 827; x_wconf 82' lang='grc' dir='ltr'><strong><em>ἔτη</em></strong></span> <span class='ocrx_word' id='word_1_27' title='bbox 855 738 1013 826; x_wconf 83' lang='grc' dir='ltr'><strong><em>ἑξήκοντα</em></strong></span> <span class='ocrx_word' id='word_1_28' title='bbox 1031 743 1117 823; x_wconf 89' lang='grc' dir='ltr'><strong><em>τρία,</em></strong></span> <span class='ocrx_word' id='word_1_29' title='bbox 1134 739 1269 826; x_wconf 78' lang='grc' dir='ltr'><strong><em>τελευτᾷ</em></strong></span> 
     </span>
     <span class='ocr_line' id='line_1_5' title="bbox 123 843 1267 940; baseline -0.01 -19"><span class='ocrx_word' id='word_1_30' title='bbox 123 855 176 921; x_wconf 82' lang='grc' dir='ltr'><strong><em>ε’πλ</em></strong></span> <span class='ocrx_word' id='word_1_31' title='bbox 203 852 417 932; x_wconf 80' lang='grc' dir='ltr'><strong><em>Φιλοκλέους·</em></strong></span> <span class='ocrx_word' id='word_1_32' title='bbox 441 852 542 940; x_wconf 80' lang='grc' dir='ltr'><strong><em>φοιτᾷ</em></strong></span> <span class='ocrx_word' id='word_1_33' title='bbox 565 849 602 918; x_wconf 70' lang='grc' dir='ltr'><strong><em>δὲ</em></strong></span> <span class='ocrx_word' id='word_1_34' title='bbox 627 847 784 917; x_wconf 88' lang='grc' dir='ltr'><strong><em>Πλάτωνι</em></strong></span> <span class='ocrx_word' id='word_1_35' title='bbox 800 845 1025 935; x_wconf 74' lang='grc' dir='ltr'><strong><em>Ἀριστοτέλης</em></strong></span> <span class='ocrx_word' id='word_1_36' title='bbox 1043 843 1095 911; x_wconf 79' lang='grc' dir='ltr'><strong><em>έπὶ</em></strong></span> <span class='ocrx_word' id='word_1_37' title='bbox 1116 849 1267 930; x_wconf 90' lang='grc' dir='ltr'><strong><em>Να&lt;υσι-</em></strong></span> 
     </span>
     <span class='ocr_line' id='line_1_6' title="bbox 124 946 1296 1047; baseline -0.01 -20"><span class='ocrx_word' id='word_1_38' title='bbox 124 962 243 1047; x_wconf 92' lang='grc' dir='ltr'><strong><em>γένους</em></strong></span> <span class='ocrx_word' id='word_1_39' title='bbox 274 960 329 1026; x_wconf 83' lang='grc' dir='ltr'><strong><em>καὶ</em></strong></span> <span class='ocrx_word' id='word_1_40' title='bbox 362 955 448 1043; x_wconf 79' lang='grc' dir='ltr'><strong><em>άπὸ)</em></strong></span> <span class='ocrx_word' id='word_1_41' title='bbox 481 962 665 1042; x_wconf 81' lang='grc' dir='ltr'><strong><em>Θεοφίλου,</em></strong></span> <span class='ocrx_word' id='word_1_42' title='bbox 697 953 751 1042; x_wconf 80' lang='grc' dir='ltr'><strong><em>ἐφ’</em></strong></span> <span class='ocrx_word' id='word_1_43' title='bbox 778 946 819 1024; x_wconf 85' lang='grc' dir='ltr'><strong><em>οὗ</em></strong></span> <span class='ocrx_word' id='word_1_44' title='bbox 847 957 994 1044; x_wconf 82' lang='grc' dir='ltr'><strong><em>τελευτᾷ·</em></strong></span> <span class='ocrx_word' id='word_1_45' title='bbox 1011 951 1172 1037; x_wconf 86' lang='grc' dir='ltr'><strong><em>Πλάτων,</em></strong></span> <span class='ocrx_word' id='word_1_46' title='bbox 1206 953 1296 1031; x_wconf 80' lang='grc' dir='ltr'><strong><em>έωςτ</em></strong></span> 
     </span>
     <span class='ocr_line' id='line_1_7' title="bbox 127 1047 1270 1153; baseline -0.008 -18"><span class='ocrx_word' id='word_1_47' title='bbox 127 1067 345 1150; x_wconf 85' lang='grc' dir='ltr'><strong><em>Φιλοκλέους,</em></strong></span> <span class='ocrx_word' id='word_1_48' title='bbox 378 1061 432 1150; x_wconf 81' lang='grc' dir='ltr'><strong><em>ἐφ’</em></strong></span> <span class='ocrx_word' id='word_1_49' title='bbox 448 1047 505 1131; x_wconf 72' lang='grc' dir='ltr'><strong><em>ὀὗ</em></strong></span> <span class='ocrx_word' id='word_1_50' title='bbox 536 1067 672 1153; x_wconf 89' lang='grc' dir='ltr'><strong><em>τελευτᾷ</em></strong></span> <span class='ocrx_word' id='word_1_51' title='bbox 698 1060 940 1151; x_wconf 88' lang='grc' dir='ltr'><strong><em>Ἀριστοτέλης,</em></strong></span> <span class='ocrx_word' id='word_1_52' title='bbox 974 1065 1028 1147; x_wconf 83' lang='grc' dir='ltr'><strong><em>ἔτη</em></strong></span> <span class='ocrx_word' id='word_1_53' title='bbox 1062 1068 1167 1127; x_wconf 88' lang='grc' dir='ltr'><strong><em>είκοσι</em></strong></span> <span class='ocrx_word' id='word_1_54' title='bbox 1195 1065 1270 1146; x_wconf 93' lang='grc' dir='ltr'><strong><em>τρία</em></strong></span> 
     </span>
     <span class='ocr_line' id='line_1_8' title="bbox 125 1162 1270 1260; baseline -0.007 -18"><span class='ocrx_word' id='word_1_55' title='bbox 125 1176 279 1260; x_wconf 76' lang='grc' dir='ltr'><strong><em>&lt;έπέζησε</em></strong></span> <span class='ocrx_word' id='word_1_56' title='bbox 295 1171 484 1257; x_wconf 86' lang='grc' dir='ltr'><strong><em>Πλά&gt;τωνι</em></strong></span> <span class='ocrx_word' id='word_1_57' title='bbox 504 1167 570 1251; x_wconf 53' lang='grc' dir='ltr'><strong><em>οὐκ,</em></strong></span> <span class='ocrx_word' id='word_1_58' title='bbox 580 1168 646 1259; x_wconf 86' lang='grc' dir='ltr'><strong><em>άρα</em></strong></span> <span class='ocrx_word' id='word_1_59' title='bbox 661 1162 735 1256; x_wconf 84' lang='grc' dir='ltr'><strong><em>οὖν,</em></strong></span> <span class='ocrx_word' id='word_1_60' title='bbox 750 1171 799 1249; x_wconf 76' lang='grc' dir='ltr'><strong><em>οίς</em></strong></span> <span class='ocrx_word' id='word_1_61' title='bbox 809 1172 886 1256; x_wconf 88' lang='grc' dir='ltr'><strong><em>&lt;οί&gt;</em></strong></span> <span class='ocrx_word' id='word_1_62' title='bbox 898 1165 1002 1237; x_wconf 81' lang='grc' dir='ltr'><strong><em>αὐτὸν</em></strong></span> <span class='ocrx_word' id='word_1_63' title='bbox 1018 1170 1270 1255; x_wconf 86' lang='grc' dir='ltr'><strong><em>συκοφαντοῦν-</em></strong></span> 
     </span>
     <span class='ocr_line' id='line_1_9' title="bbox 94 1275 1271 1367; baseline -0.004 -19"><span class='ocrx_word' id='word_1_64' title='bbox 94 1289 98 1295; x_wconf 84' lang='grc'><strong>’</strong></span> <span class='ocrx_word' id='word_1_65' title='bbox 125 1283 177 1361; x_wconf 89' lang='grc' dir='ltr'><strong><em>τές</em></strong></span> <span class='ocrx_word' id='word_1_66' title='bbox 204 1301 309 1367; x_wconf 86' lang='grc' dir='ltr'><strong><em>φασιν</em></strong></span> <span class='ocrx_word' id='word_1_67' title='bbox 323 1279 700 1366; x_wconf 83' lang='grc' dir='ltr'><strong><em>“&lt;τεσ&gt;σαρακοντούτης</em></strong></span> <span class='ocrx_word' id='word_1_68' title='bbox 719 1276 944 1364; x_wconf 84' lang='grc' dir='ltr'><strong><em>Ἀριστοτέλης</em></strong></span> <span class='ocrx_word' id='word_1_69' title='bbox 968 1279 1088 1367; x_wconf 91' lang='grc' dir='ltr'><strong><em>φ&lt;οιτᾷ</em></strong></span> <span class='ocrx_word' id='word_1_70' title='bbox 1112 1275 1271 1345; x_wconf 86' lang='grc' dir='ltr'><strong><em>Πλάτωνι</em></strong></span> 
     </span>
     <span class='ocr_line' id='line_1_10' title="bbox 126 1382 1271 1474; baseline -0.005 -18"><span class='ocrx_word' id='word_1_71' title='bbox 126 1387 175 1456; x_wconf 82' lang='grc' dir='ltr'><strong><em>ἐπ’</em></strong></span> <span class='ocrx_word' id='word_1_72' title='bbox 198 1385 386 1474; x_wconf 81' lang='grc' dir='ltr'><strong><em>Εὐδ&gt;όξου</em></strong></span> <span class='ocrx_word' id='word_1_73' title='bbox 411 1389 472 1453; x_wconf 85' lang='grc' dir='ltr'><strong><em>τοῦ</em></strong></span> <span class='ocrx_word' id='word_1_74' title='bbox 493 1383 557 1473; x_wconf 82' lang='grc' dir='ltr'><strong><em>γὰρ</em></strong></span> <span class='ocrx_word' id='word_1_75' title='bbox 575 1382 820 1474; x_wconf 90' lang='grc' dir='ltr'><strong><em>Ἀριστοτέλους</em></strong></span> <span class='ocrx_word' id='word_1_76' title='bbox 843 1383 1002 1471; x_wconf 82' lang='grc' dir='ltr'><strong><em>ἑξήκοντα</em></strong></span> <span class='ocrx_word' id='word_1_77' title='bbox 1023 1390 1098 1473; x_wconf 92' lang='grc' dir='ltr'><strong><em>τρία</em></strong></span> <span class='ocrx_word' id='word_1_78' title='bbox 1118 1389 1173 1471; x_wconf 78' lang='grc' dir='ltr'><strong><em>ἔτη</em></strong></span> <span class='ocrx_word' id='word_1_79' title='bbox 1193 1382 1271 1470; x_wconf 77' lang='grc' dir='ltr'><strong><em>βιαί-</em></strong></span> 
     </span>
     <span class='ocr_line' id='line_1_11' title="bbox 127 1489 1314 1582; baseline -0.003 -20"><span class='ocrx_word' id='word_1_80' title='bbox 127 1514 248 1574; x_wconf 90' lang='grc' dir='ltr'><strong><em>σαντος</em></strong></span> <span class='ocrx_word' id='word_1_81' title='bbox 265 1499 341 1581; x_wconf 90' lang='grc' dir='ltr'><strong><em>τρία</em></strong></span> <span class='ocrx_word' id='word_1_82' title='bbox 355 1499 410 1581; x_wconf 81' lang='grc' dir='ltr'><strong><em>ἔτη</em></strong></span> <span class='ocrx_word' id='word_1_83' title='bbox 427 1493 517 1561; x_wconf 84' lang='grc' dir='ltr'><strong><em>έστὶν</em></strong></span> <span class='ocrx_word' id='word_1_84' title='bbox 532 1490 599 1562; x_wconf 87' lang='grc' dir='ltr'><strong><em>άπὸ</em></strong></span> <span class='ocrx_word' id='word_1_85' title='bbox 615 1490 810 1578; x_wconf 80' lang='grc' dir='ltr'><strong><em>&lt;θανάτον&gt;</em></strong></span> <span class='ocrx_word' id='word_1_86' title='bbox 828 1491 1022 1577; x_wconf 86' lang='grc' dir='ltr'><strong><em>Πλάτωνος,</em></strong></span> <span class='ocrx_word' id='word_1_87' title='bbox 1044 1489 1272 1582; x_wconf 79' lang='grc' dir='ltr'><strong><em>ἀφῃρημένων</em></strong></span> <span class='ocrx_word' id='word_1_88' title='bbox 1289 1513 1314 1552; x_wconf 87' lang='lat'><strong><em>10</em></strong></span> 
     </span>
     <span class='ocr_line' id='line_1_12' title="bbox 128 1595 1273 1687; baseline -0.003 -17"><span class='ocrx_word' id='word_1_89' title='bbox 128 1606 196 1670; x_wconf 85' lang='grc' dir='ltr'><strong><em>τῶν</em></strong></span> <span class='ocrx_word' id='word_1_90' title='bbox 224 1608 351 1669; x_wconf 81' lang='grc' dir='ltr'><strong><em>εἴκοσιν</em></strong></span> <span class='ocrx_word' id='word_1_91' title='bbox 378 1601 478 1685; x_wconf 77' lang='grc' dir='ltr'><strong><em>ἐτῶν,</em></strong></span> <span class='ocrx_word' id='word_1_92' title='bbox 506 1595 527 1667; x_wconf 82' lang='grc' dir='ltr'><strong><em>ά</em></strong></span> <span class='ocrx_word' id='word_1_93' title='bbox 552 1598 710 1687; x_wconf 82' lang='grc' dir='ltr'><strong><em>έσχόλασε</em></strong></span> <span class='ocrx_word' id='word_1_94' title='bbox 734 1599 900 1667; x_wconf 85' lang='grc' dir='ltr'><strong><em>Πλάτωνι.</em></strong></span> <span class='ocrx_word' id='word_1_95' title='bbox 948 1601 985 1668; x_wconf 89' lang='grc' dir='ltr'><strong><em>έν</em></strong></span> <span class='ocrx_word' id='word_1_96' title='bbox 1009 1599 1046 1667; x_wconf 74' lang='grc' dir='ltr'><strong><em>δὲ</em></strong></span> <span class='ocrx_word' id='word_1_97' title='bbox 1073 1613 1143 1679; x_wconf 81' lang='grc' dir='ltr'><strong><em>τοῖς</em></strong></span> <span class='ocrx_word' id='word_1_98' title='bbox 1164 1599 1273 1685; x_wconf 82' lang='grc' dir='ltr'><strong><em>τρισίν</em></strong></span> 
     </span>
     <span class='ocr_line' id='line_1_13' title="bbox 127 1698 1273 1795; baseline -0.001 -19"><span class='ocrx_word' id='word_1_99' title='bbox 127 1713 234 1777; x_wconf 80' lang='grc' dir='ltr'><strong><em>ἔτεσιν</em></strong></span> <span class='ocrx_word' id='word_1_100' title='bbox 258 1704 299 1776; x_wconf 81' lang='grc' dir='ltr'><strong><em>οὐ</em></strong></span> <span class='ocrx_word' id='word_1_101' title='bbox 322 1706 431 1794; x_wconf 90' lang='grc' dir='ltr'><strong><em>μόνον</em></strong></span> <span class='ocrx_word' id='word_1_102' title='bbox 454 1704 515 1775; x_wconf 83' lang='grc' dir='ltr'><strong><em>οὐκ</em></strong></span> <span class='ocrx_word' id='word_1_103' title='bbox 533 1698 577 1795; x_wconf 80' lang='grc' dir='ltr'><strong><em>ἦν</em></strong></span> <span class='ocrx_word' id='word_1_104' title='bbox 595 1711 740 1776; x_wconf 82' lang='grc' dir='ltr'><strong><em>τοσαῦτα</em></strong></span> <span class='ocrx_word' id='word_1_105' title='bbox 758 1708 932 1793; x_wconf 75' lang='grc' dir='ltr'><strong><em>ἐκθέσθαι,</em></strong></span> <span class='ocrx_word' id='word_1_106' title='bbox 956 1703 1030 1774; x_wconf 78' lang='grc' dir='ltr'><strong><em>ἀλλ’</em></strong></span> <span class='ocrx_word' id='word_1_107' title='bbox 1052 1705 1132 1775; x_wconf 74' lang='grc' dir='ltr'><strong><em>οὐδὲ</em></strong></span> <span class='ocrx_word' id='word_1_108' title='bbox 1151 1705 1273 1794; x_wconf 78' lang='grc' dir='ltr'><strong><em>ῥοίδιον</em></strong></span> 
     </span>
     <span class='ocr_line' id='line_1_14' title="bbox 128 1805 1272 1903; baseline -0.003 -18"><span class='ocrx_word' id='word_1_109' title='bbox 128 1814 332 1901; x_wconf 83' lang='grc' dir='ltr'><strong><em>άναγνῶναι.</em></strong></span> <span class='ocrx_word' id='word_1_110' title='bbox 367 1812 455 1884; x_wconf 76' lang='grc' dir='ltr'><strong><em>οὕτω</em></strong></span> <span class='ocrx_word' id='word_1_111' title='bbox 477 1814 662 1903; x_wconf 81' lang='grc' dir='ltr'><strong><em>Φιλόχορος</em></strong></span> <span class='ocrx_word' id='word_1_112' title='bbox 685 1818 824 1903; x_wconf 88' lang='grc' dir='ltr'><strong><em>ίστορεί,</em></strong></span> <span class='ocrx_word' id='word_1_113' title='bbox 847 1814 902 1881; x_wconf 79' lang='grc' dir='ltr'><strong><em>καὶ</em></strong></span> <span class='ocrx_word' id='word_1_114' title='bbox 927 1812 977 1882; x_wconf 81' lang='grc' dir='ltr'><strong><em>ὅτι</em></strong></span> <span class='ocrx_word' id='word_1_115' title='bbox 1001 1811 1082 1883; x_wconf 73' lang='grc' dir='ltr'><strong><em>οὐδὲ</em></strong></span> <span class='ocrx_word' id='word_1_116' title='bbox 1106 1811 1193 1894; x_wconf 88' lang='grc' dir='ltr'><strong><em>είκός</em></strong></span> <span class='ocrx_word' id='word_1_117' title='bbox 1216 1805 1272 1901; x_wconf 78' lang='grc' dir='ltr'><strong><em>ἦν,</em></strong></span> 
     </span>
     <span class='ocr_line' id='line_1_15' title="bbox 129 1918 1273 2010; baseline -0.002 -21"><span class='ocrx_word' id='word_1_118' title='bbox 129 1921 333 2010; x_wconf 84' lang='grc' dir='ltr'><strong><em>Ἀριστοτέλη</em></strong></span> <span class='ocrx_word' id='word_1_119' title='bbox 365 1921 462 2003; x_wconf 84' lang='grc' dir='ltr'><strong><em>ξένον</em></strong></span> <span class='ocrx_word' id='word_1_120' title='bbox 496 1920 577 1990; x_wconf 81' lang='grc' dir='ltr'><strong><em>ὄντα</em></strong></span> <span class='ocrx_word' id='word_1_121' title='bbox 605 1926 704 1991; x_wconf 84' lang='grc' dir='ltr'><strong><em>τοῦτο</em></strong></span> <span class='ocrx_word' id='word_1_122' title='bbox 735 1922 907 1990; x_wconf 81' lang='grc' dir='ltr'><strong><em>δύνασθαι</em></strong></span> <span class='ocrx_word' id='word_1_123' title='bbox 934 1934 1044 1990; x_wconf 76' lang='grc' dir='ltr'><strong><em>ποιεῖν</em></strong></span> <span class='ocrx_word' id='word_1_124' title='bbox 1071 1918 1154 1989; x_wconf 86' lang='grc' dir='ltr'><strong><em>κατά</em></strong></span> <span class='ocrx_word' id='word_1_125' title='bbox 1183 1918 1273 1988; x_wconf 90' lang='grc' dir='ltr'><strong><em>Πλά-</em></strong></span> 
     </span>
     <span class='ocr_line' id='line_1_16' title="bbox 129 2027 1316 2145; baseline -0.002 -48"><span class='ocrx_word' id='word_1_126' title='bbox 129 2055 236 2109; x_wconf 87' lang='grc' dir='ltr'><strong><em>τωνος</em></strong></span> <span class='ocrx_word' id='word_1_127' title='bbox 255 2033 393 2098; x_wconf 80' lang='grc' dir='ltr'><strong><em>πολίτου</em></strong></span> <span class='ocrx_word' id='word_1_128' title='bbox 411 2027 636 2117; x_wconf 71' lang='grc' dir='ltr'><strong><em>τυγχάνοντος</em></strong></span> <span class='ocrx_word' id='word_1_129' title='bbox 654 2030 710 2097; x_wconf 82' lang='grc' dir='ltr'><strong><em>καλ</em></strong></span> <span class='ocrx_word' id='word_1_130' title='bbox 729 2030 811 2117; x_wconf 90' lang='grc' dir='ltr'><strong><em>μέγα</em></strong></span> <span class='ocrx_word' id='word_1_131' title='bbox 831 2031 1024 2117; x_wconf 74' lang='grc' dir='ltr'><strong><em>δυναμένου</em></strong></span> <span class='ocrx_word' id='word_1_132' title='bbox 1043 2027 1099 2096; x_wconf 80' lang='grc' dir='ltr'><strong><em>διὰ</em></strong></span> <span class='ocrx_word' id='word_1_133' title='bbox 1120 2034 1273 2117; x_wconf 82' lang='grc' dir='ltr'><strong><em>Χαβρίαν</em></strong></span> <span class='ocrx_word' id='word_1_134' title='bbox 1291 2030 1316 2145; x_wconf 48' lang='lat' dir='ltr'><strong><em>fb</em></strong></span> 
     </span>
     <span class='ocr_line' id='line_1_17' title="bbox 129 2134 1276 2225; baseline 0.002 -22"><span class='ocrx_word' id='word_1_135' title='bbox 129 2136 184 2204; x_wconf 77' lang='grc' dir='ltr'><strong><em>καὶ</em></strong></span> <span class='ocrx_word' id='word_1_136' title='bbox 212 2135 390 2223; x_wconf 83' lang='grc' dir='ltr'><strong><em>Τιμόθεον,</em></strong></span> <span class='ocrx_word' id='word_1_137' title='bbox 413 2134 492 2216; x_wconf 84' lang='grc' dir='ltr'><strong><em>τοὺς</em></strong></span> <span class='ocrx_word' id='word_1_138' title='bbox 511 2134 674 2224; x_wconf 79' lang='grc' dir='ltr'><strong><em>Ἀθήνησι</em></strong></span> <span class='ocrx_word' id='word_1_139' title='bbox 696 2135 986 2225; x_wconf 80' lang='grc' dir='ltr'><strong><em>στρατηγήσαντας</em></strong></span> <span class='ocrx_word' id='word_1_140' title='bbox 1003 2137 1059 2205; x_wconf 80' lang='grc' dir='ltr'><strong><em>καὶ</em></strong></span> <span class='ocrx_word' id='word_1_141' title='bbox 1077 2135 1159 2205; x_wconf 81' lang='grc' dir='ltr'><strong><em>κατὰ</em></strong></span> <span class='ocrx_word' id='word_1_142' title='bbox 1179 2137 1276 2222; x_wconf 91' lang='grc' dir='ltr'><strong><em>γένος</em></strong></span> 
     </span>
     <span class='ocr_line' id='line_1_18' title="bbox 129 2241 1276 2332; baseline 0 -21"><span class='ocrx_word' id='word_1_143' title='bbox 129 2241 227 2332; x_wconf 79' lang='grc' dir='ltr'><strong><em>αὐτῷ’</em></strong></span> <span class='ocrx_word' id='word_1_144' title='bbox 247 2243 486 2330; x_wconf 81' lang='grc' dir='ltr'><strong><em>προσήκοντας.</em></strong></span> <span class='ocrx_word' id='word_1_145' title='bbox 532 2242 612 2332; x_wconf 81' lang='grc' dir='ltr'><strong><em>μετὰ</em></strong></span> <span class='ocrx_word' id='word_1_146' title='bbox 637 2244 674 2313; x_wconf 77' lang='grc' dir='ltr'><strong><em>δὲ</em></strong></span> <span class='ocrx_word' id='word_1_147' title='bbox 696 2243 758 2332; x_wconf 78' lang='grc' dir='ltr'><strong><em>τὴν</em></strong></span> <span class='ocrx_word' id='word_1_148' title='bbox 782 2243 965 2324; x_wconf 86' lang='grc' dir='ltr'><strong><em>Πλάτωνος</em></strong></span> <span class='ocrx_word' id='word_1_149' title='bbox 987 2242 1143 2332; x_wconf 78' lang='grc' dir='ltr'><strong><em>τελευτὴν</em></strong></span> <span class='ocrx_word' id='word_1_150' title='bbox 1167 2243 1276 2312; x_wconf 85' lang='grc' dir='ltr'><strong><em>Σπεύ-</em></strong></span> 
     </span>
     <span class='ocr_line' id='line_1_19' title="bbox 130 2347 1276 2440; baseline 0.001 -22"><span class='ocrx_word' id='word_1_151' title='bbox 130 2372 250 2431; x_wconf 89' lang='grc' dir='ltr'><strong><em>σιππος</em></strong></span> <span class='ocrx_word' id='word_1_152' title='bbox 278 2349 340 2438; x_wconf 64' lang='grc' dir='ltr'><strong><em>μέν</em></strong></span> <span class='ocrx_word' id='word_1_153' title='bbox 371 2348 388 2420; x_wconf 87' lang='grc' dir='ltr'>ὁ</span> <span class='ocrx_word' id='word_1_154' title='bbox 415 2351 598 2433; x_wconf 88' lang='grc' dir='ltr'><strong><em>Πλάτωνος</em></strong></span> <span class='ocrx_word' id='word_1_155' title='bbox 621 2349 825 2440; x_wconf 77' lang='grc' dir='ltr'><strong><em>ἀδελφιδοῦς</em></strong></span> <span class='ocrx_word' id='word_1_156' title='bbox 848 2352 1020 2440; x_wconf 80' lang='grc' dir='ltr'><strong><em>(ἐτύγχανε</em></strong></span> <span class='ocrx_word' id='word_1_157' title='bbox 1043 2351 1108 2440; x_wconf 85' lang='grc' dir='ltr'><strong><em>γάρ</em></strong></span> <span class='ocrx_word' id='word_1_158' title='bbox 1132 2350 1205 2433; x_wconf 87' lang='grc' dir='ltr'><strong><em>υίὸς</em></strong></span> <span class='ocrx_word' id='word_1_159' title='bbox 1227 2347 1276 2419; x_wconf 78' lang='grc' dir='ltr'><strong><em>ὦν</em></strong></span> 
     </span>
     <span class='ocr_line' id='line_1_20' title="bbox 130 2455 1351 2549; baseline 0 -23"><span class='ocrx_word' id='word_1_160' title='bbox 130 2459 306 2545; x_wconf 78' lang='grc' dir='ltr'><strong><em>Ποτοίνης,</em></strong></span> <span class='ocrx_word' id='word_1_161' title='bbox 338 2463 396 2546; x_wconf 80' lang='grc' dir='ltr'><strong><em>τῆς</em></strong></span> <span class='ocrx_word' id='word_1_162' title='bbox 427 2455 575 2546; x_wconf 78' lang='grc' dir='ltr'><strong><em>ἀδελφῆς</em></strong></span> <span class='ocrx_word' id='word_1_163' title='bbox 602 2458 800 2549; x_wconf 83' lang='grc' dir='ltr'><strong><em>Πλάτωνος)</em></strong></span> <span class='ocrx_word' id='word_1_164' title='bbox 837 2460 1023 2546; x_wconf 83' lang='grc' dir='ltr'><strong><em>διαδέχεται</em></strong></span> <span class='ocrx_word' id='word_1_165' title='bbox 1050 2456 1111 2546; x_wconf 83' lang='grc' dir='ltr'><strong><em>την</em></strong></span> <span class='ocrx_word' id='word_1_166' title='bbox 1140 2458 1276 2547; x_wconf 81' lang='grc' dir='ltr'><strong><em>σχολήν,</em></strong></span> <span class='ocrx_word' id='word_1_167' title='bbox 1347 2484 1351 2491; x_wconf 88' lang='grc'><strong>’</strong></span> 
     </span>
     <span class='ocr_line' id='line_1_21' title="bbox 127 2562 1318 2654; baseline 0.002 -21"><span class='ocrx_word' id='word_1_168' title='bbox 127 2564 354 2652; x_wconf 88' lang='grc' dir='ltr'><strong><em>Ἀριστοτέλης</em></strong></span> <span class='ocrx_word' id='word_1_169' title='bbox 376 2564 413 2633; x_wconf 75' lang='grc' dir='ltr'><strong><em>δὲ</em></strong></span> <span class='ocrx_word' id='word_1_170' title='bbox 440 2566 606 2635; x_wconf 88' lang='grc' dir='ltr'><strong><em>στέλλεται</em></strong></span> <span class='ocrx_word' id='word_1_171' title='bbox 625 2569 672 2646; x_wconf 90' lang='grc' dir='ltr'><strong><em>είς</em></strong></span> <span class='ocrx_word' id='word_1_172' title='bbox 691 2569 922 2652; x_wconf 87' lang='grc' dir='ltr'><strong><em>Μακεδονίαν,</em></strong></span> <span class='ocrx_word' id='word_1_173' title='bbox 946 2567 1191 2654; x_wconf 77' lang='grc' dir='ltr'><strong><em>μεταπεμφθεὶς</em></strong></span> <span class='ocrx_word' id='word_1_174' title='bbox 1212 2562 1275 2635; x_wconf 80' lang='grc' dir='ltr'><strong><em>ὑπὸ</em></strong></span> <span class='ocrx_word' id='word_1_175' title='bbox 1291 2602 1318 2640; x_wconf 77' lang='lat'><strong><em>20</em></strong></span> 
     </span>
     <span class='ocr_line' id='line_1_22' title="bbox 133 2663 1276 2764; baseline 0 -24"><span class='ocrx_word' id='word_1_176' title='bbox 133 2678 317 2758; x_wconf 88' lang='grc' dir='ltr'><strong><em>Φιλίππου,</em></strong></span> <span class='ocrx_word' id='word_1_177' title='bbox 348 2669 402 2759; x_wconf 77' lang='grc' dir='ltr'><strong><em>ἐφ’</em></strong></span> <span class='ocrx_word' id='word_1_178' title='bbox 428 2663 454 2764; x_wconf 80' lang='grc' dir='ltr'><strong><em>ᾷ</em></strong></span> <span class='ocrx_word' id='word_1_179' title='bbox 482 2671 543 2741; x_wconf 90' lang='grc' dir='ltr'><strong><em>τὸν</em></strong></span> <span class='ocrx_word' id='word_1_180' title='bbox 571 2671 649 2741; x_wconf 88' lang='grc' dir='ltr'><strong><em>υίὸν</em></strong></span> <span class='ocrx_word' id='word_1_181' title='bbox 676 2670 782 2742; x_wconf 84' lang='grc' dir='ltr'><strong><em>αὐτοῦ</em></strong></span> <span class='ocrx_word' id='word_1_182' title='bbox 804 2677 997 2742; x_wconf 87' lang='grc' dir='ltr'><strong><em>παιδεῦσαι·</em></strong></span> <span class='ocrx_word' id='word_1_183' title='bbox 1025 2673 1080 2740; x_wconf 86' lang='grc' dir='ltr'><strong><em>καὶ</em></strong></span> <span class='ocrx_word' id='word_1_184' title='bbox 1105 2671 1210 2753; x_wconf 84' lang='grc' dir='ltr'><strong><em>οὕτως</em></strong></span> <span class='ocrx_word' id='word_1_185' title='bbox 1233 2664 1276 2759; x_wconf 81' lang='grc' dir='ltr'><strong><em>ἦν</em></strong></span> 
     </span>
     <span class='ocr_line' id='line_1_23' title="bbox 132 2777 1277 2872; baseline -0.001 -23"><span class='ocrx_word' id='word_1_186' title='bbox 132 2787 239 2868; x_wconf 86' lang='grc' dir='ltr'><strong><em>’τίμιος</em></strong></span> <span class='ocrx_word' id='word_1_187' title='bbox 271 2784 425 2870; x_wconf 84' lang='grc' dir='ltr'><strong><em>Φιλίππφ</em></strong></span> <span class='ocrx_word' id='word_1_188' title='bbox 457 2781 512 2847; x_wconf 82' lang='grc' dir='ltr'><strong><em>καὶ</em></strong></span> <span class='ocrx_word' id='word_1_189' title='bbox 539 2778 749 2867; x_wconf 88' lang='grc' dir='ltr'><strong><em>Ὀλυμπιάδι,</em></strong></span> <span class='ocrx_word' id='word_1_190' title='bbox 782 2777 827 2860; x_wconf 77' lang='grc' dir='ltr'><strong><em>ὡς</em></strong></span> <span class='ocrx_word' id='word_1_191' title='bbox 858 2777 1039 2848; x_wconf 78' lang='grc' dir='ltr'><strong><em>ἀναθεῖναι</em></strong></span> <span class='ocrx_word' id='word_1_192' title='bbox 1071 2777 1160 2872; x_wconf 75' lang='grc' dir='ltr'><strong><em>αὐτῷ</em></strong></span> <span class='ocrx_word' id='word_1_193' title='bbox 1194 2782 1277 2866; x_wconf 82' lang='grc' dir='ltr'><strong><em>μεθ’</em></strong></span> 
     </span>
     <span class='ocr_line' id='line_1_24' title="bbox 133 2883 1277 2976; baseline -0.001 -21"><span class='ocrx_word' id='word_1_194' title='bbox 133 2889 262 2956; x_wconf 78' lang='grc' dir='ltr'><strong><em>ἑαυτῶν</em></strong></span> <span class='ocrx_word' id='word_1_195' title='bbox 296 2883 490 2975; x_wconf 88' lang='grc' dir='ltr'><strong><em>άνδριάντα.</em></strong></span> <span class='ocrx_word' id='word_1_196' title='bbox 542 2883 560 2954; x_wconf 87' lang='grc' dir='ltr'>ὁ</span> <span class='ocrx_word' id='word_1_197' title='bbox 594 2886 632 2955; x_wconf 74' lang='grc' dir='ltr'><strong><em>δὲ</em></strong></span> <span class='ocrx_word' id='word_1_198' title='bbox 664 2886 867 2975; x_wconf 86' lang='grc' dir='ltr'><strong><em>φιλόσοφος,</em></strong></span> <span class='ocrx_word' id='word_1_199' title='bbox 900 2887 982 2975; x_wconf 85' lang='grc' dir='ltr'><strong><em>μέγα</em></strong></span> <span class='ocrx_word' id='word_1_200' title='bbox 1014 2889 1114 2976; x_wconf 89' lang='grc' dir='ltr'><strong><em>μέρος</em></strong></span> <span class='ocrx_word' id='word_1_201' title='bbox 1143 2883 1191 2955; x_wconf 76' lang='grc' dir='ltr'><strong><em>ὧν</em></strong></span> <span class='ocrx_word' id='word_1_202' title='bbox 1219 2891 1277 2974; x_wconf 80' lang='grc' dir='ltr'><strong><em>τῆς</em></strong></span> 
     </span>
     <span class='ocr_line' id='line_1_25' title="bbox 131 2992 1276 3086; baseline 0.001 -24"><span class='ocrx_word' id='word_1_203' title='bbox 131 3000 315 3080; x_wconf 81' lang='grc' dir='ltr'><strong><em>βασιλείας,</em></strong></span> <span class='ocrx_word' id='word_1_204' title='bbox 357 2992 490 3086; x_wconf 86' lang='grc' dir='ltr'><strong><em>ὀργάνφ</em></strong></span> <span class='ocrx_word' id='word_1_205' title='bbox 527 2997 567 3083; x_wconf 79' lang='grc' dir='ltr'><strong><em>τῇ</em></strong></span> <span class='ocrx_word' id='word_1_206' title='bbox 605 2992 746 3082; x_wconf 88' lang='grc' dir='ltr'><strong><em>δυνάμει</em></strong></span> <span class='ocrx_word' id='word_1_207' title='bbox 784 2992 868 3081; x_wconf 87' lang='grc' dir='ltr'><strong><em>πρὸς</em></strong></span> <span class='ocrx_word' id='word_1_208' title='bbox 909 2993 1063 3064; x_wconf 79' lang='grc' dir='ltr'><strong><em>εὐποιίαν</em></strong></span> <span class='ocrx_word' id='word_1_209' title='bbox 1104 2994 1276 3083; x_wconf 77' lang='grc' dir='ltr'><strong><em>ἐχρήσατο,</em></strong></span> 
     </span>
     <span class='ocr_line' id='line_1_26' title="bbox 133 3099 1317 3190; baseline 0.005 -20"><span class='ocrx_word' id='word_1_210' title='bbox 133 3104 191 3170; x_wconf 79' lang='grc' dir='ltr'><strong><em>ἕνα</em></strong></span> <span class='ocrx_word' id='word_1_211' title='bbox 219 3128 254 3169; x_wconf 91' lang='grc' dir='ltr'><strong><em>τε</em></strong></span> <span class='ocrx_word' id='word_1_212' title='bbox 283 3103 422 3169; x_wconf 79' lang='grc' dir='ltr'><strong><em>ἕκαστον</em></strong></span> <span class='ocrx_word' id='word_1_213' title='bbox 449 3099 630 3188; x_wconf 79' lang='grc' dir='ltr'><strong><em>εὐεργετῶν</em></strong></span> <span class='ocrx_word' id='word_1_214' title='bbox 658 3102 713 3169; x_wconf 82' lang='grc' dir='ltr'><strong><em>καὶ</em></strong></span> <span class='ocrx_word' id='word_1_215' title='bbox 737 3101 849 3184; x_wconf 89' lang='grc' dir='ltr'><strong><em>πόλεις</em></strong></span> <span class='ocrx_word' id='word_1_216' title='bbox 872 3101 951 3183; x_wconf 83' lang='grc' dir='ltr'><strong><em>ὅλας</em></strong></span> <span class='ocrx_word' id='word_1_217' title='bbox 974 3103 1029 3171; x_wconf 84' lang='grc' dir='ltr'><strong><em>καὶ</em></strong></span> <span class='ocrx_word' id='word_1_218' title='bbox 1052 3101 1179 3182; x_wconf 78' lang='grc' dir='ltr'><strong><em>πάντας</em></strong></span> <span class='ocrx_word' id='word_1_219' title='bbox 1200 3100 1276 3190; x_wconf 76' lang='grc' dir='ltr'><strong><em>ἅμα.</em></strong></span> <span class='ocrx_word' id='word_1_220' title='bbox 1291 3136 1317 3177; x_wconf 83' lang='grc' dir='ltr'><strong><em>ιε</em></strong></span> 
     </span>
     <span class='ocr_line' id='line_1_27' title="bbox 132 3203 1276 3302; baseline 0.001 -25"><span class='ocrx_word' id='word_1_221' title='bbox 132 3206 195 3277; x_wconf 84' lang='grc' dir='ltr'><strong><em>ὅσα</em></strong></span> <span class='ocrx_word' id='word_1_222' title='bbox 227 3207 289 3296; x_wconf 76' lang='grc' dir='ltr'><strong><em>μὲν</em></strong></span> <span class='ocrx_word' id='word_1_223' title='bbox 321 3205 385 3295; x_wconf 84' lang='grc' dir='ltr'><strong><em>γάρ</em></strong></span> <span class='ocrx_word' id='word_1_224' title='bbox 418 3209 557 3275; x_wconf 81' lang='grc' dir='ltr'><strong><em>ἕκαστον</em></strong></span> <span class='ocrx_word' id='word_1_225' title='bbox 590 3203 827 3295; x_wconf 83' lang='grc' dir='ltr'><strong><em>εὐηργέτησεν,</em></strong></span> <span class='ocrx_word' id='word_1_226' title='bbox 862 3213 899 3278; x_wconf 90' lang='grc' dir='ltr'><strong><em>αί</em></strong></span> <span class='ocrx_word' id='word_1_227' title='bbox 929 3213 1154 3299; x_wconf 88' lang='grc' dir='ltr'><strong><em>γεγραμμέναι</em></strong></span> <span class='ocrx_word' id='word_1_228' title='bbox 1187 3206 1276 3302; x_wconf 76' lang='grc' dir='ltr'><strong><em>αὐτῷ</em></strong></span> 
     </span>
     <span class='ocr_line' id='line_1_28' title="bbox 132 3313 1277 3403; baseline 0.001 -21"><span class='ocrx_word' id='word_1_229' title='bbox 132 3313 215 3400; x_wconf 84' lang='grc' dir='ltr'><strong><em>πρὸς</em></strong></span> <span class='ocrx_word' id='word_1_230' title='bbox 241 3313 321 3395; x_wconf 89' lang='grc' dir='ltr'><strong><em>τοὺς</em></strong></span> <span class='ocrx_word' id='word_1_231' title='bbox 344 3316 500 3401; x_wconf 82' lang='grc' dir='ltr'><strong><em>βασιλέας</em></strong></span> <span class='ocrx_word' id='word_1_232' title='bbox 522 3319 601 3400; x_wconf 89' lang='grc' dir='ltr'><strong><em>περί</em></strong></span> <span class='ocrx_word' id='word_1_233' title='bbox 624 3341 728 3382; x_wconf 87' lang='grc' dir='ltr'><strong><em>τινων</em></strong></span> <span class='ocrx_word' id='word_1_234' title='bbox 752 3317 920 3385; x_wconf 81' lang='grc' dir='ltr'><strong><em>ἐπιστολαὶ</em></strong></span> <span class='ocrx_word' id='word_1_235' title='bbox 944 3320 1122 3403; x_wconf 85' lang='grc' dir='ltr'><strong><em>δηλοῦσιν,</em></strong></span> <span class='ocrx_word' id='word_1_236' title='bbox 1153 3314 1216 3384; x_wconf 84' lang='grc' dir='ltr'><strong><em>ὅσα</em></strong></span> <span class='ocrx_word' id='word_1_237' title='bbox 1240 3317 1277 3384; x_wconf 76' lang='grc' dir='ltr'><strong><em>δὲ</em></strong></span> 
     </span>
     <span class='ocr_line' id='line_1_29' title="bbox 132 3419 1278 3512; baseline 0.002 -23"><span class='ocrx_word' id='word_1_238' title='bbox 132 3421 244 3501; x_wconf 89' lang='grc' dir='ltr'><strong><em>πόλεις</em></strong></span> <span class='ocrx_word' id='word_1_239' title='bbox 266 3419 355 3509; x_wconf 83' lang='grc' dir='ltr'><strong><em>ὅλας,</em></strong></span> <span class='ocrx_word' id='word_1_240' title='bbox 378 3419 418 3490; x_wconf 82' lang='grc' dir='ltr'><strong><em>τὰ</em></strong></span> <span class='ocrx_word' id='word_1_241' title='bbox 441 3421 609 3509; x_wconf 89' lang='grc' dir='ltr'><strong><em>Στάγειρα</em></strong></span> <span class='ocrx_word' id='word_1_242' title='bbox 633 3425 733 3508; x_wconf 76' lang='grc' dir='ltr'><strong><em>δηλοῖ</em></strong></span> <span class='ocrx_word' id='word_1_243' title='bbox 752 3422 808 3490; x_wconf 84' lang='grc' dir='ltr'><strong><em>καὶ</em></strong></span> <span class='ocrx_word' id='word_1_244' title='bbox 831 3422 995 3512; x_wconf 85' lang='grc' dir='ltr'><strong><em>Ἐρεσσός,</em></strong></span> <span class='ocrx_word' id='word_1_245' title='bbox 1019 3421 1039 3510; x_wconf 83' lang='grc' dir='ltr'><em>ἡ</em></span> <span class='ocrx_word' id='word_1_246' title='bbox 1058 3422 1278 3510; x_wconf 83' lang='grc' dir='ltr'><strong><em>Θεοφράστου</em></strong></span> 
     </span>
     <span class='ocr_line' id='line_1_30' title="bbox 133 3526 1276 3618; baseline 0 -21"><span class='ocrx_word' id='word_1_247' title='bbox 133 3531 189 3598; x_wconf 87' lang='grc' dir='ltr'><strong><em>καὶ</em></strong></span> <span class='ocrx_word' id='word_1_248' title='bbox 220 3534 352 3597; x_wconf 90' lang='grc' dir='ltr'><strong><em>Φανίου</em></strong></span> <span class='ocrx_word' id='word_1_249' title='bbox 379 3533 447 3596; x_wconf 81' lang='grc' dir='ltr'><strong><em>τῶν</em></strong></span> <span class='ocrx_word' id='word_1_250' title='bbox 475 3526 580 3597; x_wconf 80' lang='grc' dir='ltr'><strong><em>αὐτοῦ</em></strong></span> <span class='ocrx_word' id='word_1_251' title='bbox 608 3538 769 3616; x_wconf 78' lang='grc' dir='ltr'><strong><em>μαθητῶν</em></strong></span> <span class='ocrx_word' id='word_1_252' title='bbox 796 3536 921 3618; x_wconf 87' lang='grc' dir='ltr'><strong><em>πατρίς.</em></strong></span> <span class='ocrx_word' id='word_1_253' title='bbox 966 3529 1028 3616; x_wconf 79' lang='grc' dir='ltr'><strong><em>τήν</em></strong></span> <span class='ocrx_word' id='word_1_254' title='bbox 1056 3556 1090 3598; x_wconf 90' lang='grc' dir='ltr'><strong><em>τε</em></strong></span> <span class='ocrx_word' id='word_1_255' title='bbox 1115 3528 1179 3618; x_wconf 82' lang='grc' dir='ltr'><strong><em>γὰρ</em></strong></span> <span class='ocrx_word' id='word_1_256' title='bbox 1203 3531 1276 3597; x_wconf 87' lang='grc' dir='ltr'><strong><em>ἑαυ-</em></strong></span> 
     </span>
     <span class='ocr_line' id='line_1_31' title="bbox 134 3633 1277 3724; baseline 0.002 -20"><span class='ocrx_word' id='word_1_257' title='bbox 134 3641 196 3705; x_wconf 85' lang='grc' dir='ltr'><strong><em>τοῦ</em></strong></span> <span class='ocrx_word' id='word_1_258' title='bbox 223 3639 365 3724; x_wconf 91' lang='grc' dir='ltr'><strong><em>πατρίδα</em></strong></span> <span class='ocrx_word' id='word_1_259' title='bbox 390 3634 557 3723; x_wconf 88' lang='grc' dir='ltr'><strong><em>Στάγειρα</em></strong></span> <span class='ocrx_word' id='word_1_260' title='bbox 583 3649 853 3723; x_wconf 83' lang='grc' dir='ltr'><strong><em>κατασκαφεῖσαν</em></strong></span> <span class='ocrx_word' id='word_1_261' title='bbox 879 3633 945 3706; x_wconf 82' lang='grc' dir='ltr'><strong><em>ὑπὸ</em></strong></span> <span class='ocrx_word' id='word_1_262' title='bbox 971 3641 1140 3707; x_wconf 90' lang='grc' dir='ltr'><strong><em>Φιλίππου</em></strong></span> <span class='ocrx_word' id='word_1_263' title='bbox 1167 3643 1277 3706; x_wconf 81' lang='grc' dir='ltr'><strong><em>πείθει</em></strong></span> 
     </span>
    </p>
   </div>
   <div class='ocr_carea' id='block_1_3' title="bbox 134 3889 1277 4448">
    <p class='ocr_par' dir='ltr' id='par_1_3' title="bbox 134 3889 1277 4448">
     <span class='ocr_line' id='line_1_32' title="bbox 207 3889 1276 3970; baseline 0.003 -21"><span class='ocrx_word' id='word_1_264' title='bbox 207 3902 220 3949; x_wconf 92' lang='grc'>1</span> <span class='ocrx_word' id='word_1_265' title='bbox 239 3889 369 3967; x_wconf 76' lang='grc' dir='ltr'><strong><em>Ἀθήνησι</em></strong></span> <span class='ocrx_word' id='word_1_266' title='bbox 388 3894 436 3949; x_wconf 81' lang='grc' dir='ltr'><strong><em>καλ</em></strong></span> <span class='ocrx_word' id='word_1_267' title='bbox 450 3911 504 3950; x_wconf 89' lang='lat' dir='ltr'><strong><em>om.</em></strong></span> <span class='ocrx_word' id='word_1_268' title='bbox 520 3894 579 3951; x_wconf 77' lang='lat' dir='ltr'>cod.</span> <span class='ocrx_word' id='word_1_269' title='bbox 598 3893 688 3965; x_wconf 89' lang='lat' dir='ltr'>suppl.</span> <span class='ocrx_word' id='word_1_270' title='bbox 703 3893 795 3950; x_wconf 74' lang='lat' dir='ltr'>Bothe</span> <span class='ocrx_word' id='word_1_271' title='bbox 848 3902 864 3951; x_wconf 86' lang='grc'>3</span> <span class='ocrx_word' id='word_1_272' title='bbox 884 3891 931 3951; x_wconf 69' lang='lat' dir='ltr'><strong><em>tut</em></strong></span> <span class='ocrx_word' id='word_1_273' title='bbox 946 3903 1015 3951; x_wconf 89' lang='grc' dir='ltr'><strong><em>Διοτ</em></strong></span> <span class='ocrx_word' id='word_1_274' title='bbox 1030 3941 1036 3954; x_wconf 94' lang='grc'><strong>.</strong></span> <span class='ocrx_word' id='word_1_275' title='bbox 1052 3941 1058 3953; x_wconf 92' lang='grc'><strong>.</strong></span> <span class='ocrx_word' id='word_1_276' title='bbox 1075 3938 1082 3953; x_wconf 93' lang='grc'><strong>.</strong></span> <span class='ocrx_word' id='word_1_277' title='bbox 1098 3940 1103 3953; x_wconf 94' lang='grc'>.</span> <span class='ocrx_word' id='word_1_278' title='bbox 1119 3900 1198 3970; x_wconf 77' lang='grc' dir='ltr'><strong><em>βιους</em></strong></span> <span class='ocrx_word' id='word_1_279' title='bbox 1216 3897 1276 3953; x_wconf 87' lang='lat' dir='ltr'><strong>cod.</strong></span> 
     </span>
     <span class='ocr_line' id='line_1_33' title="bbox 135 3970 1276 4048; baseline -0.001 -16"><span class='ocrx_word' id='word_1_280' title='bbox 135 3994 204 4033; x_wconf 87' lang='lat' dir='ltr'><strong>corr.</strong></span> <span class='ocrx_word' id='word_1_281' title='bbox 222 3976 315 4032; x_wconf 81' lang='grc' dir='ltr'><strong><em>Ιίοδδι</em></strong></span> <span class='ocrx_word' id='word_1_282' title='bbox 404 3981 420 4029; x_wconf 83' lang='grc'>4</span> <span class='ocrx_word' id='word_1_283' title='bbox 440 3978 489 4029; x_wconf 90' lang='grc' dir='ltr'><strong><em>Νυ</em></strong></span> <span class='ocrx_word' id='word_1_284' title='bbox 508 4018 581 4031; x_wconf 92' lang='grc'><strong>....</strong></span> <span class='ocrx_word' id='word_1_285' title='bbox 600 3970 658 4030; x_wconf 84' lang='grc' dir='ltr'><strong><em>άπὸ</em></strong></span> <span class='ocrx_word' id='word_1_286' title='bbox 679 3974 740 4029; x_wconf 89' lang='grc' dir='ltr'><strong><em>οοδ.</em></strong></span> <span class='ocrx_word' id='word_1_287' title='bbox 759 3974 850 4046; x_wconf 87' lang='lat' dir='ltr'>suppl.</span> <span class='ocrx_word' id='word_1_288' title='bbox 869 3976 962 4032; x_wconf 69' lang='lat' dir='ltr'>Bothe</span> <span class='ocrx_word' id='word_1_289' title='bbox 1030 3984 1045 4033; x_wconf 79' lang='grc'><strong>7</strong></span> <span class='ocrx_word' id='word_1_290' title='bbox 1066 3973 1181 4046; x_wconf 74' lang='grc' dir='ltr'><strong><em>ἐπέζησε</em></strong></span> <span class='ocrx_word' id='word_1_291' title='bbox 1202 3978 1276 4048; x_wconf 88' lang='grc' dir='ltr'><strong><em>Πλα]</em></strong></span> 
     </span>
     <span class='ocr_line' id='line_1_34' title="bbox 135 4048 1275 4126; baseline -0.004 -14"><span class='ocrx_word' id='word_1_292' title='bbox 135 4073 189 4113; x_wconf 86' lang='lat' dir='ltr'><strong><em>om.</em></strong></span> <span class='ocrx_word' id='word_1_293' title='bbox 200 4055 361 4126; x_wconf 84' lang='lat' dir='ltr'>cod.suppl.</span> <span class='ocrx_word' id='word_1_294' title='bbox 376 4054 465 4110; x_wconf 76' lang='lat' dir='ltr'><strong><em>Robbe</em></strong></span> <span class='ocrx_word' id='word_1_295' title='bbox 519 4050 556 4117; x_wconf 82' lang='grc' dir='ltr'><strong><em>ὡς</em></strong></span> <span class='ocrx_word' id='word_1_296' title='bbox 574 4048 656 4109; x_wconf 79' lang='grc' dir='ltr'><strong><em>αίτολ</em></strong></span> <span class='ocrx_word' id='word_1_297' title='bbox 670 4053 730 4109; x_wconf 88' lang='lat' dir='ltr'>cod.</span> <span class='ocrx_word' id='word_1_298' title='bbox 749 4051 787 4118; x_wconf 77' lang='grc' dir='ltr'><strong><em>ὥς</em></strong></span> <span class='ocrx_word' id='word_1_299' title='bbox 805 4048 885 4110; x_wconf 82' lang='grc' dir='ltr'><strong><em>οὖτοι</em></strong></span> <span class='ocrx_word' id='word_1_300' title='bbox 898 4056 991 4112; x_wconf 84' lang='lat' dir='ltr'><em>Robbe</em></span> <span class='ocrx_word' id='word_1_301' title='bbox 1010 4052 1047 4120; x_wconf 78' lang='grc' dir='ltr'><strong><em>ὡς</em></strong></span> <span class='ocrx_word' id='word_1_302' title='bbox 1066 4056 1096 4112; x_wconf 72' lang='lat' dir='ltr'><strong><em>of</em></strong></span> <span class='ocrx_word' id='word_1_303' title='bbox 1112 4054 1202 4112; x_wconf 78' lang='grc' dir='ltr'><strong><em>αὐτὸν</em></strong></span> <span class='ocrx_word' id='word_1_304' title='bbox 1217 4076 1275 4112; x_wconf 90' lang='grc' dir='ltr'><strong><em>συκ.</em></strong></span> 
     </span>
     <span class='ocr_line' id='line_1_35' title="bbox 134 4129 1276 4208; baseline -0.002 -16"><span class='ocrx_word' id='word_1_305' title='bbox 134 4156 203 4194; x_wconf 82' lang='lat' dir='ltr'>corr.</span> <span class='ocrx_word' id='word_1_306' title='bbox 214 4136 309 4194; x_wconf 72' lang='lat' dir='ltr'>Rotae</span> <span class='ocrx_word' id='word_1_307' title='bbox 364 4141 380 4189; x_wconf 82' lang='lat'>8</span> <span class='ocrx_word' id='word_1_308' title='bbox 396 4152 483 4204; x_wconf 86' lang='grc' dir='ltr'><strong><em>φασιν</em></strong></span> <span class='ocrx_word' id='word_1_309' title='bbox 499 4177 505 4189; x_wconf 91' lang='grc'><em>.</em></span> <span class='ocrx_word' id='word_1_310' title='bbox 520 4178 526 4190; x_wconf 94' lang='grc'><strong><em>.</em></strong></span> <span class='ocrx_word' id='word_1_311' title='bbox 543 4177 549 4189; x_wconf 94' lang='grc'><strong>.</strong></span> <span class='ocrx_word' id='word_1_312' title='bbox 565 4130 790 4205; x_wconf 82' lang='grc' dir='ltr'><strong><em>σαραιιοντοάτης</em></strong></span> <span class='ocrx_word' id='word_1_313' title='bbox 806 4129 987 4207; x_wconf 82' lang='grc' dir='ltr'><strong><em>Ἀριστοτέλης</em></strong></span> <span class='ocrx_word' id='word_1_314' title='bbox 1004 4159 1026 4208; x_wconf 93' lang='grc' dir='ltr'><strong><em>φ</em></strong></span> <span class='ocrx_word' id='word_1_315' title='bbox 1042 4181 1069 4194; x_wconf 90' lang='grc'><strong><em>..</em></strong></span> <span class='ocrx_word' id='word_1_316' title='bbox 1086 4182 1092 4194; x_wconf 92' lang='grc'><strong>.</strong></span> <span class='ocrx_word' id='word_1_317' title='bbox 1110 4183 1115 4194; x_wconf 94' lang='grc'>.</span> <span class='ocrx_word' id='word_1_318' title='bbox 1131 4140 1196 4205; x_wconf 85' lang='grc' dir='ltr'><strong><em>οξου</em></strong></span> <span class='ocrx_word' id='word_1_319' title='bbox 1217 4136 1276 4191; x_wconf 90' lang='lat' dir='ltr'><strong>cod.</strong></span> 
     </span>
     <span class='ocr_line' id='line_1_36' title="bbox 134 4211 1276 4288; baseline -0.004 -15"><span class='ocrx_word' id='word_1_320' title='bbox 134 4217 225 4288; x_wconf 83' lang='lat' dir='ltr'>suppl.</span> <span class='ocrx_word' id='word_1_321' title='bbox 239 4216 332 4273; x_wconf 79' lang='lat' dir='ltr'>Rotbe</span> <span class='ocrx_word' id='word_1_322' title='bbox 379 4222 411 4270; x_wconf 84' lang='lat'><strong><em>10</em></strong></span> <span class='ocrx_word' id='word_1_323' title='bbox 429 4211 560 4270; x_wconf 75' lang='grc' dir='ltr'><strong><em>θανάτου</em></strong></span> <span class='ocrx_word' id='word_1_324' title='bbox 575 4232 628 4271; x_wconf 89' lang='lat' dir='ltr'><strong><em>om.</em></strong></span> <span class='ocrx_word' id='word_1_325' title='bbox 644 4215 704 4270; x_wconf 86' lang='lat' dir='ltr'>cod.</span> <span class='ocrx_word' id='word_1_326' title='bbox 724 4216 815 4285; x_wconf 87' lang='lat' dir='ltr'>suppl.</span> <span class='ocrx_word' id='word_1_327' title='bbox 830 4216 923 4271; x_wconf 83' lang='lat' dir='ltr'><strong><em>Robbe</em></strong></span> <span class='ocrx_word' id='word_1_328' title='bbox 969 4223 1001 4272; x_wconf 79' lang='lat'><strong><em>15</em></strong></span> <span class='ocrx_word' id='word_1_329' title='bbox 1017 4215 1064 4273; x_wconf 84' lang='grc' dir='ltr'><strong><em>διὰ</em></strong></span> <span class='ocrx_word' id='word_1_330' title='bbox 1080 4216 1145 4280; x_wconf 83' lang='grc' dir='ltr'><strong><em>τούς</em></strong></span> <span class='ocrx_word' id='word_1_331' title='bbox 1161 4222 1194 4271; x_wconf 85' lang='grc' dir='ltr'><strong><em>Χ.</em></strong></span> <span class='ocrx_word' id='word_1_332' title='bbox 1210 4219 1276 4271; x_wconf 71' lang='grc' dir='ltr'><strong><em>ελσε</em></strong></span> 
     </span>
     <span class='ocr_line' id='line_1_37' title="bbox 134 4291 1193 4368; baseline -0.001 -15"><span class='ocrx_word' id='word_1_333' title='bbox 134 4295 200 4361; x_wconf 74' lang='grc' dir='ltr'><strong><em>τοὺς</em></strong></span> <span class='ocrx_word' id='word_1_334' title='bbox 218 4294 389 4367; x_wconf 77' lang='lat' dir='ltr'>transposuit</span> <span class='ocrx_word' id='word_1_335' title='bbox 407 4295 512 4362; x_wconf 79' lang='lat' dir='ltr'><em>Robbe,</em></span> <span class='ocrx_word' id='word_1_336' title='bbox 530 4295 579 4367; x_wconf 89' lang='lat' dir='ltr'><strong><em>qui</em></strong></span> <span class='ocrx_word' id='word_1_337' title='bbox 597 4295 682 4350; x_wconf 83' lang='lat' dir='ltr'>etism</span> <span class='ocrx_word' id='word_1_338' title='bbox 700 4291 854 4365; x_wconf 79' lang='grc' dir='ltr'><strong><em>Ἀθηναίων</em></strong></span> <span class='ocrx_word' id='word_1_339' title='bbox 877 4315 904 4367; x_wconf 90' lang='lat' dir='ltr'><strong><em>p.</em></strong></span> <span class='ocrx_word' id='word_1_340' title='bbox 926 4292 1058 4368; x_wconf 78' lang='grc' dir='ltr'><strong><em>Ἀθήνησι</em></strong></span> <span class='ocrx_word' id='word_1_341' title='bbox 1081 4298 1193 4368; x_wconf 78' lang='lat' dir='ltr'>flagitat</span> 
     </span>
     <span class='ocr_line' id='line_1_38' title="bbox 135 4375 1277 4448; baseline 0 -16"><span class='ocrx_word' id='word_1_342' title='bbox 135 4386 168 4433; x_wconf 79' lang='lat'><strong><em>23</em></strong></span> <span class='ocrx_word' id='word_1_343' title='bbox 188 4377 276 4431; x_wconf 88' lang='lat' dir='ltr'>Huius</span> <span class='ocrx_word' id='word_1_344' title='bbox 299 4378 409 4431; x_wconf 77' lang='lat' dir='ltr'>statuae</span> <span class='ocrx_word' id='word_1_345' title='bbox 435 4377 514 4431; x_wconf 80' lang='lat' dir='ltr'>nulla</span> <span class='ocrx_word' id='word_1_346' title='bbox 535 4377 640 4432; x_wconf 88' lang='lat' dir='ltr'>mentio</span> <span class='ocrx_word' id='word_1_347' title='bbox 663 4377 695 4431; x_wconf 85' lang='lat' dir='ltr'><strong><em>fit</em></strong></span> <span class='ocrx_word' id='word_1_348' title='bbox 717 4377 791 4447; x_wconf 76' lang='lat' dir='ltr'>apud</span> <span class='ocrx_word' id='word_1_349' title='bbox 810 4375 882 4433; x_wconf 76' lang='lat' dir='ltr'>alios</span> <span class='ocrx_word' id='word_1_350' title='bbox 901 4378 1050 4448; x_wconf 78' lang='lat' dir='ltr'>scriptores</span> <span class='ocrx_word' id='word_1_351' title='bbox 1108 4380 1277 4447; x_wconf 81' lang='grc' dir='ltr'><strong><em>φιλοσοφίας</em></strong></span> 
     </span>
    </p>
   </div>
   <div class='ocr_carea' id='block_1_4' title="bbox 135 4452 1276 4586">
    <p class='ocr_par' dir='ltr' id='par_1_4' title="bbox 135 4452 1276 4586">
     <span class='ocr_line' id='line_1_39' title="bbox 135 4452 1276 4529; baseline 0 -16"><span class='ocrx_word' id='word_1_352' title='bbox 135 4459 194 4513; x_wconf 83' lang='lat' dir='ltr'>eod.</span> <span class='ocrx_word' id='word_1_353' title='bbox 215 4475 283 4512; x_wconf 82' lang='lat' dir='ltr'>corr.</span> <span class='ocrx_word' id='word_1_354' title='bbox 298 4457 390 4511; x_wconf 83' lang='lat' dir='ltr'><em>Robbe</em></span> <span class='ocrx_word' id='word_1_355' title='bbox 443 4463 476 4511; x_wconf 76' lang='lat'><strong><em>27</em></strong></span> <span class='ocrx_word' id='word_1_356' title='bbox 496 4453 567 4511; x_wconf 75' lang='grc' dir='ltr'><strong><em>κατὰ</em></strong></span> <span class='ocrx_word' id='word_1_357' title='bbox 587 4456 647 4513; x_wconf 88' lang='lat' dir='ltr'>cod.</span> <span class='ocrx_word' id='word_1_358' title='bbox 663 4452 732 4526; x_wconf 82' lang='grc' dir='ltr'><strong><em>πρὸς</em></strong></span> <span class='ocrx_word' id='word_1_359' title='bbox 746 4456 839 4513; x_wconf 81' lang='lat' dir='ltr'><em>Robbe</em></span> <span class='ocrx_word' id='word_1_360' title='bbox 893 4463 927 4513; x_wconf 71' lang='grc' dir='ltr'><strong><em>λδ</em></strong></span> <span class='ocrx_word' id='word_1_361' title='bbox 944 4452 1056 4527; x_wconf 81' lang='grc' dir='ltr'><strong><em>Ἐρεσίς</em></strong></span> <span class='ocrx_word' id='word_1_362' title='bbox 1070 4457 1115 4513; x_wconf 87' lang='lat' dir='ltr'><strong><em>hic</em></strong></span> <span class='ocrx_word' id='word_1_363' title='bbox 1130 4461 1159 4513; x_wconf 78' lang='lat' dir='ltr'><strong><em>st</em></strong></span> <span class='ocrx_word' id='word_1_364' title='bbox 1172 4476 1198 4527; x_wconf 93' lang='lat' dir='ltr'><strong><em>p.</em></strong></span> <span class='ocrx_word' id='word_1_365' title='bbox 1214 4463 1276 4529; x_wconf 74' lang='lat'>262,</span> 
     </span>
     <span class='ocr_line' id='line_1_40' title="bbox 135 4526 601 4586; baseline 0.002 -2"><span class='ocrx_word' id='word_1_366' title='bbox 135 4530 154 4586; x_wconf 89' lang='lat' dir='ltr'><strong><em>l.</em></strong></span> <span class='ocrx_word' id='word_1_367' title='bbox 173 4536 190 4585; x_wconf 83' lang='lat'>8</span> <span class='ocrx_word' id='word_1_368' title='bbox 209 4530 267 4584; x_wconf 86' lang='lat' dir='ltr'>sine</span> <span class='ocrx_word' id='word_1_369' title='bbox 286 4545 371 4584; x_wconf 73' lang='lat' dir='ltr'>causa</span> <span class='ocrx_word' id='word_1_370' title='bbox 389 4526 491 4584; x_wconf 78' lang='lat' dir='ltr'>idonea</span> <span class='ocrx_word' id='word_1_371' title='bbox 509 4528 601 4586; x_wconf 76' lang='lat' dir='ltr'><strong><em>Robbe</em></strong></span> 
     </span>
    </p>
   </div>
   <div class='ocr_carea' id='block_1_5' title="bbox 0 0 1535 5114">
    <p class='ocr_par' dir='ltr' id='par_1_5' title="bbox 0 0 1535 5114">
     <span class='ocr_line' id='line_1_41' title="bbox 0 0 1535 5114; baseline 0 0"><span class='ocrx_word' id='word_1_372' title='bbox 0 0 1535 5114; x_wconf 95' lang='lat' dir='ltr'><strong><em> </em></strong></span> 
     </span>
    </p>
   </div>
  </div>
 </body>
</html>
