3036 5114
241 286 285 353 48
705 238 919 346 meremus,
966 308 972 317 ·

242 446 400 536 ῥητορικά
423 450 478 518 καί
501 447 652 518 πολιτικά
674 451 729 518 καί
752 451 827 540 περὶ
850 456 1007 538 ποιητῶν.
1046 448 1234 538 ἠκροάσατο
1253 447 1291 518 δὲ
1309 456 1390 520 Θεο-

231 555 409 645 φράστου,
438 557 493 624 καί
518 555 715 644 δημαγωγὸς
735 555 896 644 Ἀθήνησι
925 559 1064 645 γέγονε]
1109 559 1297 645 συνέγραψε
1322 557 1388 642 [δὲ]

242 663 348 751 συχνὰ
371 669 493 752 βιβλία.
540 662 640 754 [οὕτω
664 664 702 732 δὲ
725 656 768 752 ἦν
797 664 930 751 σφόδρα
959 664 1136 755 εὐπρεπής,
1166 662 1211 746 ὦς
1237 665 1293 733 καί
1318 668 1390 733 δια-

241 771 348 858 βολὴν
363 778 477 857 λαβεῖν
493 768 544 838 ὅτι
562 772 701 857 γέγονεν
721 771 886 857 ἐρώμενος
901 773 1068 857 Κλέωνος,
1087 774 1142 840 καὶ
1162 792 1389 860 προσαγορευ-

166 943 171 952 ,
216 881 348 964 σθῆναι
374 876 440 945 ὑπό
468 905 572 948 τινων
595 875 699 946 αὐτὸν
724 878 887 966 Λαμπετά
909 880 965 947 καί
989 880 1294 967 Χαριτοβλέφαρον.
1343 883 1392 960 είς

242 986 325 1072 μέγα
336 985 372 1053 δὲ
387 982 504 1073 ἀρθεὶς
519 985 617 1072 δόξης
631 985 686 1053 καί
701 987 906 1072 ἐπικρατείας
919 983 985 1055 ὑπὸ
996 990 1057 1055 τοῦ
1068 986 1207 1074 φθόνου
1216 1005 1390 1072 κατεστρα-

242 1091 389 1179 τηγήθη,
407 1093 463 1160 καί
483 1093 651 1175 ἐξελαθείς
669 1089 733 1160 ὑπὸ
757 1089 946 1180 Ἀθηναίων
964 1098 1012 1174 είς
1026 1103 1198 1181 Αίγυπτον
1216 1085 1315 1181 ἦλθε,
1334 1094 1391 1161 καί

243 1197 331 1284 παρὰ
358 1202 403 1292 τῷ
427 1203 551 1286 σωτῆρι
570 1204 767 1291 Πτολεμαίῳ
792 1204 974 1289 διατρίβων
999 1202 1137 1289 δηχθείς
1159 1199 1224 1269 ὑπὸ
1249 1198 1392 1280 ἀσπίδος

242 1303 407 1390 άπέθανε,
433 1307 487 1374 καί
519 1306 621 1394 ἐτάφη
649 1308 685 1375 ἐν
708 1311 753 1398 τῷ
778 1313 960 1396 Βουσιρίτῃ
984 1311 1091 1399 νομῷ,
1119 1313 1261 1394 πλησίον
1286 1316 1390 1376 Διοσ-

204 1439 229 1478 10
243 1413 370 1493 πόλεως
392 1418 450 1500 τῆς
472 1416 508 1483 ἐν
531 1428 602 1495 τοῖς
626 1416 756 1498 ἕλεσιν]

330 1521 548 1590 CLXXXVII.
569 1521 811 1609 Δημοκήδης
824 1526 1075 1610 Καλλιφῶντος,
1090 1524 1203 1611 ίερίως
1217 1524 1255 1591 ἐν
1272 1526 1390 1614 Κνίδῳ

242 1630 426 1721 γενομένου
450 1627 663 1714 Ἀσκληπιοῦ,
695 1628 931 1715 Κροτωνιάτης
963 1629 1091 1716 ίατρός,
1124 1629 1160 1710 ὃς
1197 1633 1234 1699 ἐν
1267 1635 1390 1719 Αἰγίνη

243 1734 397 1823 ίάτρευσέ
416 1762 451 1804 τε
473 1737 528 1803 καί
548 1743 658 1824 ἔγημε,
681 1737 736 1803 καὶ
757 1736 979 1826 Πολυκράτην
998 1739 1057 1805 τὸν
1077 1737 1198 1825 Σάμου
1220 1736 1390 1825 τύραννον

242 1842 416 1929 ίάτρευσεν
444 1844 497 1910 ἐπί
520 1849 661 1931 χρυσίου
683 1843 858 1924 ταλάντοις
884 1842 962 1929 δύο,
990 1846 1045 1911 καί
1068 1841 1134 1912 ὑπὸ
1160 1850 1309 1933 Δαρείου
1329 1847 1390 1912 τοτ’

204 1975 229 2014 ω
243 1950 380 2039 Πέρσου
411 1952 640 2039 μετεπέμφθη,
672 1952 727 2018 καὶ
763 1951 957 2036 συνεγένετο
987 1948 1077 2042 αὐτῷ
1106 1950 1232 2039 χρόνον
1260 1949 1390 2019 ίκανόν.

244 2062 389 2145 ἔγραψεν
413 2056 563 2146 ἰατρικὸν
587 2062 728 2144 βιβλίον.

331 2166 567 2234 CLXXXVIII.
597 2164 847 2253 Δημόκριτος
864 2163 1130 2252 Ἡγησιστράτου
1155 2165 1206 2255 (οί
1230 2164 1267 2232 δὲ
1292 2161 1390 2251 Ἀθη-

242 2277 400 2358 νοκρίτου
423 2267 443 2358 ἢ
464 2272 715 2361 Δαμασίππου),
738 2271 885 2358 γεγονὼς
909 2270 962 2340 ὅτε
981 2272 1036 2339 καὶ
1056 2272 1238 2361 Σωκράτης
1256 2269 1274 2340 δ
1294 2271 1453 2357 uste-¹

242 2397 363 2465 σοφος,
389 2376 471 2446 κατά
495 2378 556 2465 τὴν
583 2377 630 2460 οζ’
656 2376 846 2465 ὀλυμπιάδα
871 2380 921 2466 (ot
941 2379 978 2447 δὲ
1001 2378 1083 2447 κατὰ
1106 2377 1168 2466 τὴν
1195 2377 1231 2447 π’
1255 2380 1388 2468 φασίν),
1414 2395 1439 2432 2'-

202 2512 229 2550 νο
240 2484 434 2573 Ἀβδηρίτης
457 2487 492 2552 ἐκ
514 2486 661 2574 Θράκης,
685 2483 883 2571 φιλόσοφος,
907 2483 1058 2573 μαθητὴς
1080 2483 1163 2552 κατά
1185 2511 1279 2564 τινας
1298 2480 1391 2551 ’Avu-

243 2592 388 2683 ξαγόρου
415 2593 470 2660 καὶ
495 2596 702 2678 Λευκίππου,
731 2589 775 2670 ὡς
803 2594 842 2660 δέ
862 2617 966 2678 τινες,
989 2595 1044 2660 καί
1068 2591 1201 2679 Μάγων
1224 2590 1279 2658 καί
1303 2597 1390 2658 Χαλ-

243 2704 350 2768 δαίων
373 2704 526 2788 Περσων.
572 2689 656 2785 ἦλθε
688 2695 752 2785 γάρ
785 2699 840 2765 καί
873 2703 919 2778 είς
943 2699 1075 2786 Πέρσας
1102 2698 1158 2766 καί
1179 2694 1307 2775 Ἰνδοδς
1333 2696 1390 2763 καί

243 2813 463 2895 Αἰγυπτίους,
486 2807 541 2874 καί
564 2805 603 2873 τὰ
625 2802 703 2892 παρ’
731 2804 880 2886 ἑκάστοις
903 2807 1086 2893 ἐπαιδεύθη
1108 2802 1214 2892 σοφά,
1243 2801 1312 2871 εἶτα
1336 2805 1391 2872 ἐπ-

242 2920 387 3002 ανῆλθε,
419 2915 474 2981 καί
507 2927 576 2993 τοῖς
608 2911 768 2999 άδελφοῐς
801 2916 908 2999 συνῆν
938 2910 1108 3002 Ἡροδότῳ
1140 2912 1195 2979 καί
1227 2909 1389 3000 Δαμάσῳ.

205 3048 231 3087 ιε
245 3016 323 3111 ἦρξε
343 3022 379 3089 δὲ
399 3023 435 3088 ἐν
452 3019 627 3108 Ἀβδήροις
647 3017 702 3087 διὰ
721 3016 783 3106 τὴν
804 3021 925 3088 ἑαυτοῦ
944 3025 1068 3107 σοφίαν
1087 3023 1247 3106 τιμηθείς.
1283 3025 1390 3105 μαθη-

317 3253 330 3300 1
346 3241 507 3316 ἠκροάσατο
519 3273 551 3282 -
563 3242 656 3314 βιβλία
666 3247 752 3295 om.v
799 3248 815 3295 3
830 3233 951 3302 οὔτωςΔ
966 3229 1049 3302 οὗτος
1059 3242 1135 3295 reete
1145 3239 1230 3294 Daub
1271 3237 1391 3292 λΚλίω-

243 3348 292 3389 νος
311 3325 409 3395 scripsi
428 3342 489 3379 eum
511 3323 589 3391 Diog.
611 3320 643 3389 V,
664 3326 696 3373 76
717 3318 833 3384 Νέωνος
852 3323 931 3377 codd.
953 3322 1020 3375 Par.
1041 3323 1108 3375 etB
1130 3319 1194 3382 νίας
1216 3312 1256 3373 ὧν
1278 3318 1352 3387 vulo.

243 3415 259 3464 8
283 3408 460 3476 πτωλεμαίφ,
480 3407 511 3458 ut
529 3404 615 3468 solet,
634 3405 657 3453 Δ
731 3407 763 3455 10
783 3401 872 3458 ἕλεσιν
891 3408 913 3456 Δ
934 3401 1006 3457 ’ἕλεσι
1025 3402 1074 3456 rel.

314 3485 490 3542 CLXXXVII
509 3502 562 3538 om.
583 3482 720 3536 Weeterm.
740 3482 816 3540 Eud.
835 3503 861 3555 p.
881 3490 946 3552 224,
970 3500 1042 3552 quse
1063 3499 1117 3538 om.
1138 3481 1337 3550 Καλλιφῶντος
1357 3512 1389 3521 -

242 3564 402 3637 Ἀσκληπιοῦ
422 3569 451 3621 et
470 3561 501 3628 ὃς
521 3597 553 3605 -
574 3559 682 3617 ἱκανόν.
722 3561 761 3616 De
781 3564 880 3618 eodem
899 3563 993 3633 agitur
1011 3562 1112 3617 Athen.
1132 3562 1183 3616 XII
1203 3581 1230 3632 p.
1251 3567 1302 3615 522

246 3656 278 3702 14
305 3649 355 3701 τοῦ
382 3645 493 3714 Πέρσου
522 3663 576 3700 om.
600 3650 622 3697 V
715 3648 747 3697 16
774 3642 899 3713 ἔγραφεν
925 3676 957 3683 -
984 3643 1049 3698 exit.
1073 3649 1095 3696 V
1125 3641 1249 3711 ἔγραψεν
1277 3639 1391 3710 ἰατρικά

244 3730 337 3798 βιβλία
357 3728 428 3781 δέκα
443 3728 529 3794 Eud„
547 3724 622 3794 quod
642 3725 670 3778 in
684 3725 786 3779 nostris
803 3724 903 3778 Suidae
918 3724 1123 3794 exemplaribus
1137 3740 1201 3777 essu
1216 3723 1391 3779 intercidisse

174 3871 177 3879 ¹
244 3808 364 3862 coniecit
377 3808 461 3860 Darat
477 3806 610 3873 ἰατρικῶν
624 3806 717 3859 Daub.
747 3804 905 3872 Sequuntur
919 3803 992 3873 apud
1011 3804 1126 3858 Suidsm
1141 3803 1281 3859 uberiores
1295 3821 1389 3858 nsrrs—

170 3888 175 3895 '
243 3889 334 3942 tiones
353 3886 471 3940 haustae
491 3904 523 3940 ex
543 3885 674 3938 Herodot.
694 3885 746 3952 111,
769 3890 818 3937 129
838 3888 866 3940 et
888 3891 936 3938 133

315 3966 500 4020 cuxxxvru
520 3965 560 4019 ef.
581 3965 675 4034 Steph.
695 3963 759 4033 Byz.
778 3983 804 4018 v.
819 3961 946 4038 κροηρι.
988 3963 1028 4019 οι.
1048 3965 1150 4019 uuuer
1168 3964 1194 4019 11
1212 3982 1239 4035 p.
1259 3971 1295 4018 τι

246 4056 277 4102 19
297 4043 369 4101 κατὰ
389 4043 441 4114 τὴν
461 4079 493 4086 -
513 4047 601 4114 φασίν
620 4061 672 4098 om.
691 4050 714 4097 V
787 4050 821 4099 20
840 4042 912 4100 κατά
931 4065 1010 4106 τινας
1028 4051 1123 4099 om.V
1203 4052 1235 4100 21
1256 4044 1305 4100 καί
1324 4048 1390 4100 ente

245 4128 362 4197 Περσῶν
376 4127 493 4181 inseruit
501 4126 667 4195 Bernhardy
687 4126 804 4193 Περσῶν
813 4158 846 4166 -
859 4122 995 4197 Δαμάστη
1006 4142 1060 4179 om.
1071 4131 1094 4178 V
1109 4127 1226 4194 Περσῶν
1240 4126 1294 4180 del.
1306 4127 1390 4180 Daub

213 4249 214 4252 η
244 4217 277 4264 22
297 4200 368 4278 ἦλθε
384 4239 417 4249 -
433 4204 527 4275 ίατρός
545 4207 661 4262 fortasse
680 4204 778 4260 lectori
796 4207 946 4275 debentur,
964 4205 1013 4276 qui
1027 4205 1107 4275 Diog.
1122 4205 1174 4273 ΙΧ,
1191 4213 1205 4260 7
1226 4207 1391 4277 compilavit

244 4299 277 4345 23
297 4284 365 4360 παρ’
387 4284 540 4355 ἕκάστηςΔ
597 4292 631 4339 24
651 4283 787 4359 Δαμάστη
806 4289 871 4343 libri
890 4283 1016 4358 Δαμάσῳ
1035 4301 1105 4339 corr.
1122 4286 1234 4355 Μάκαρ.
1254 4287 1290 4339 ad
1307 4285 1389 4363 Dieg.

244 4371 296 4441 IX,
310 4378 357 4440 39,
377 4370 474 4434 δίκην,
492 4366 600 4420 Hellen.
620 4385 646 4436 p.
664 4372 696 4420 15
716 4368 780 4422 coll.
795 4369 866 4425 Plin.
881 4369 946 4424 hist.
961 4385 987 4419 n.
1002 4363 1106 4430 xvfll,
1121 4370 1154 4418 35
1227 4371 1262 4419 25
1280 4361 1388 4435 ὑπῆρξε

244 4454 329 4509 Βααίι
365 4448 413 4507 διά
429 4446 479 4520 τὴν
495 4451 598 4519 σοφίαν
613 4442 712 4517 αὐτοῦ,
728 4441 761 4503 οὖ
777 4444 920 4520 άκροατὴς
934 4445 983 4501 καί
996 4440 1329 4515 μαθητὴςΜητρόδωρος
1340 4440 1389 4500 ὃν
