3036 5114
584 330 799 386 HESYCHIUS.
1199 325 1264 387 lif)

120 499 332 585 Κλεομένους
354 499 416 563 τοῦ
439 492 654 581 Σπαρτιάτου
677 492 732 559 καὶ
755 495 814 577 τῆς
839 495 1007 558 Φιλίππου
1030 492 1091 555 τού
1111 489 1265 571 Περσέως

118 610 197 674 υίοῦ
226 607 385 691 διαδοχῆς
412 606 480 671 τῶν
510 598 737 682 Μακεδόνων,
764 597 803 665 τά
832 599 906 684 ἑξῆς
935 598 1168 665 ἐπισυνάπτων
1189 592 1264 661 Ῥω·

120 712 254 801 μαίων).
293 711 429 795 [ίστέον,
451 707 515 793 ὅτι]
536 709 722 794 διαδέχεται
742 705 821 793 <op
838 703 898 792 την
919 709 1094 790 Πολυβίου
1113 706 1264 789 ἱστορίαν

121 818 353 897 Ποσειδώνιος
373 814 635 901 Ὀλβιοπολίτης,
659 812 829 900 σοφιστής.
873 817 995 900 ἔγραψε
1019 811 1134 879 δὲκαὶ
1158 808 1265 895 Στρά-

119 934 191 1014 βων
212 922 371 1014 Ἀμασεὺς
393 922 433 990 τά
458 920 537 1009 μετά
561 924 742 1007 Πολύβιον
760 924 797 988 ἐν
820 925 964 1006 βιβλίοις
985 917 1053 1006 py‘.

209 1033 351 1101 DOLVI.
384 1029 646 1115 Πολυδεύκης
664 1033 908 1117 Ναυκρατίτης,
930 1025 1019 1105 τινὲς
1038 1025 1075 1094 δέ
1091 1022 1266 1113 Ἀρδουέν-

119 1170 180 1222 νας
203 1139 368 1227 σοφιστὴν
391 1137 560 1225 γράφουσι
583 1141 768 1223 πταίοντες·
792 1134 888 1213 πόλις
911 1132 947 1201 δὲ
974 1138 1133 1218 Φοινίκης
1155 1131 1176 1220 ἡ
1198 1131 1266 1218 Ἀρ-

120 1252 275 1319 δούεννα.
322 1249 495 1314 ἐπαίδευσε
525 1244 562 1311 δὲ
591 1245 627 1311 ἐν
648 1242 882 1329 Ἀθήναιςέπὶ
905 1241 1068 1328 Κομόδου
1091 1245 1151 1308 τοῦ
1173 1246 1267 1326 βασι-

120 1359 216 1444 λέως,
244 1358 300 1425 καὶ
328 1353 538 1439 ἐτελεύτησεν
566 1357 621 1437 ἐτη
650 1348 745 1436 βιούς
768 1350 801 1436 η’
825 1349 937 1417 καίν’
967 1349 1130 1430 συντάξας
1155 1354 1268 1434 βιβλία

120 1468 236 1533 ταῦτα·
268 1460 492 1550 ὀνομαστικόν
523 1462 559 1528 ἐν
590 1463 732 1553 βιβλίοις
762 1457 787 1524 ι’
816 1458 899 1545 (ἐστι
929 1456 966 1525 δέ
993 1454 1172 1544 συναγωγὴ
1200 1461 1268 1524 τῶν
1283 1480 1308 1518 1⁰

124 1573 296 1659 διαφόρως
318 1568 399 1638 κατὰ
424 1573 483 1637 τοῦ
507 1564 612 1635 αὐτοῦ
631 1565 848 1654 λεγομένων),
872 1567 1032 1646 διαλέξεις
1050 1565 1124 1652 ἤτοι
1143 1563 1269 1648 λαλιάς,

123 1680 270 1766 μελέτας,
290 1683 337 1758 είς
355 1677 518 1764 Κόμοδον
536 1679 691 1759 Καίσαρα
710 1672 943 1761 ἐπιθαλάμιον,
956 1670 1142 1759 Ῥωμαϊκὸν
1157 1671 1270 1758 λόγον,

123 1767 326 1874 σαλπιγκτὴν
351 1782 372 1872 ἢ
391 1782 506 1871 άχῶνα
524 1781 700 1872 μουσικόν,
722 1779 805 1850 κατὰ
824 1781 1037 1869 Σωκράτους,
1059 1780 1141 1848 κατὰ
1162 1787 1270 1847 Σινω-

122 1895 227 1979 κέων,
250 1891 500 1978 Πανελλήνιον,
521 1889 697 1978 Ἀραδικὸν
720 1890 776 1957 καὶ
799 1889 902 1975 ἕτερα.

212 2001 372 2069 DOLVII.
413 2000 666 2077 Πολύευκτος
694 1996 846 2085 κωμικός.
886 1995 1009 2066 τούτου
1038 1995 1149 2085 δρᾶμά
1178 1996 1268 2062 ἐστιν
1285 2018 1309 2057 15

211 2215 389 2284 DOLVIII.
417 2213 646 2298 Πολύζηλος
660 2212 812 2298 κωμικός.
839 2210 990 2299 δράματα
1005 2210 1109 2281 αὐτοῦ
1126 2215 1270 2297 Νίπτρα,

124 2323 430 2411 Λημοτυνδάρεως,
458 2324 611 2390 Μουσῶν
634 2325 749 2407 γοναί,
779 2319 954 2411 4ιονύσου
970 2327 1091 2415 γοναί,
1117 2318 1271 2409 Ἀφροδί-

124 2458 183 2518 της
205 2437 313 2518 γοναί.
1001 2449 1006 2459 ·

128 2568 263 2575 ——.--

128 2639 193 2714 τρὸς
211 2645 353 2715 scripsisse
368 2647 463 2700 censet
477 2643 637 2699 (ictechrnid
693 2648 706 2694 1
726 2642 776 2711 τῆς
791 2675 822 2683 -
839 2644 975 2714 διαδοχῆς
991 2650 1093 2698 ABVE
1112 2645 1180 2700 olim
1194 2644 1271 2714 lege-

125 2725 209 2778 batur
226 2723 305 2795 υίοῦ,
328 2728 361 2796 τῇ
382 2727 514 2796 διαδοχῇ,
537 2724 612 2793 quod
637 2723 721 2778 etiam
740 2724 1021 2781 Διο.1ιίιδ.οιοιτι
1102 2733 1158 2782 δι,
1177 2724 1222 2779 fin.
1243 2725 1271 2777 in

125 2808 203 2862 libris
223 2805 610 2877 proprietariorum
629 2822 716 2874 marg.
731 2809 755 2856 Δ
773 2805 842 2859 haec
859 2805 1003 2875 leguntur:
1023 2805 1129 2876 ἰστέον,
1148 2801 1192 2860 ὅτι
1211 2807 1271 2860 δια-

125 2888 238 2957 δέχεται
266 2884 318 2958 τὴν
347 2891 489 2961 Πολυβίου
519 2885 642 2955 [στορίαν
669 2883 859 2949 Ποσειδώνιος
884 2882 1101 2959 Όλβιοπολίτης,
1131 2883 1272 2956 σοφιστής.

126 2966 232 3037 ἔγραψε
249 2966 280 3022 δὲ
296 2969 344 3022 καί
358 2966 495 3038 Στράβων
512 2962 643 3038 Ἅμασείις
656 2962 690 3020 τά
706 2960 776 3036 μετά
791 2963 933 3048 Πολύβιον
949 2965 981 3023 ἐν
996 2971 1112 3043 βιβλίοις
1126 2963 1185 3037 μχ’,
1200 2982 1273 3035 quae

125 3048 228 3102 iniuria
246 3048 423 3103 manifestam
441 3047 569 3102 fraudem
587 3046 680 3101 inesse
704 3047 759 3102 rati
778 3053 969 3118 expunxerunt
988 3051 1122 3117 Gaissord
1141 3052 1170 3103 et
1183 3049 1273 3103 Bern-

125 3130 215 3200 hardy
234 3129 309 3198 (coll.
325 3126 515 3191 Ποσειδώνιος
532 3124 578 3181 'At
599 3130 628 3182 et
641 3147 666 3182 v.
682 3124 845 3197 Στράβων);
863 3128 982 3185 fortasse
1000 3130 1030 3184 in
1048 3130 1181 3202 Hesychii
1202 3131 1273 3186 Ouo·

126 3210 268 3279 matologo
287 3209 326 3263 sic
341 3211 487 3264 extabant:
506 3203 543 3279 ἣν
558 3208 721 3278 διαδέχεται
736 3205 927 3273 Ποσειδώνιος
939 3206 985 3265 ’Ac
1001 3205 1018 3280 ἢ
1032 3206 1112 3285 Ὀλβ,
1131 3207 1272 3280 σοφιστής.

130 3289 236 3359 ἔγραψε
257 3287 289 3344 δὲ
305 3291 352 3344 καί
367 3292 419 3345 etc.
449 3289 524 3344 Olim
537 3287 644 3342 incuria
658 3288 766 3343 librarii
781 3290 885 3345 omissa
899 3294 927 3345 et
946 3292 981 3345 ad
996 3293 1151 3362 marginem
1170 3291 1275 3346 reiecta

130 3368 250 3423 mutavit
268 3368 365 3424 lector.
438 3365 469 3421 δὲ
489 3367 594 3421 inserui
1260 3429 1263 3434 ¹

197 3451 306 3505 DCLVI
325 3451 401 3506 an.
421 3467 448 3518 p.
464 3454 524 3503 590.
562 3446 603 3503 Cf.
624 3449 783 3507 Philostrat.
803 3450 861 3506 Vit.
875 3451 909 3520 ΙΙ,
926 3458 958 3506 12
1023 3460 1039 3506 6
1059 3456 1169 3522 Ναυκρ.
1189 3468 1273 3521 agno·

128 3531 183 3586 scit
196 3531 328 3588 Philostr.
343 3529 375 3585 δὲ
391 3547 444 3585 om.
458 3535 481 3581 V
537 3535 550 3582 7
567 3532 714 3596 παίζοντες
727 3531 800 3599 libri¹
815 3534 963 3594 πταίοντες
978 3533 1050 3587 coni.
1061 3533 1198 3587 Kasteras
1210 3549 1274 3601 pro·

128 3613 212 3667 bante
227 3612 366 3666 Pearsono
381 3611 409 3680 (i.
421 3626 444 3665 e.
460 3610 593 3679 errantes,
607 3610 671 3665 falsi
687 3611 722 3666 cf.
734 3631 759 3667 v.
773 3607 911 3681 Ἀλιμάν);
927 3612 1065 3684 sagaciter
1078 3609 1143 3682 Ἀρδ.
1159 3614 1189 3667 in
1201 3608 1273 3683 Ἀρά·

127 3695 179 3747 δον
200 3711 269 3749 cerr.
289 3691 456 3760 Bernhardy
475 3690 520 3758 (cf.
541 3689 638 3759 Steph.
653 3693 717 3761 Byz.
738 3712 762 3748 v.
777 3689 891 3761 Ἀραδος
910 3693 965 3761 ai),
985 3694 1034 3748 sed
1049 3694 1164 3748 Suidam
1183 3693 1272 3765 ipsum

127 3791 271 3844 peccasse,
290 3774 338 3844 qni
357 3769 385 3827 δ’
399 3769 432 3837 ἐξ
449 3766 563 3839 ’Λράδον
585 3768 659 3825 εἶναι
678 3773 708 3827 in
722 3774 800 3829 fonte
814 3792 864 3830 eac
883 3772 986 3829 lectum
1007 3774 1174 3845 corruperit,
1192 3777 1275 3844 putet

128 3855 300 3922 Gatschmid,
319 3872 337 3909 a
355 3871 410 3923 quo
429 3852 552 3907 monitus
570 3852 644 3908 infra
663 3853 762 3924 scripsi
778 3848 923 3924 Ἀραδιιιόν
941 3872 992 3925 pro
1009 3850 1171 3925 Ἀρκαδικόν
1201 3869 1205 3877 ’

128 3940 144 3989 8
165 3931 334 3989 ἐπαίδευσεν
354 3930 385 3987 ἐν
400 3933 477 3987 Eua.
498 3928 541 3987 ἐπ.
560 3930 615 4002 γάρ
633 3939 684 3986 AV
767 3942 782 3990 9
805 3931 836 4004 η’
856 3935 905 3990 καί
927 3932 955 3990 ν’
975 3941 1026 3988 AV
1044 3934 1072 3990 ν’
1097 3937 1146 3991 καί
1165 3933 1194 4006 η’
1214 3943 1273 3994 Alc.

129 4018 202 4085 νιιίμ.
227 4011 274 4084 νη’
293 4015 369 4069 an.
445 4020 477 4067 10
501 4009 712 4083 ὀνοματικύνΒ

199 4095 322 4150 DCLVII
342 4095 416 4150 Ειιδ.
432 4113 458 4164 p.
470 4100 530 4150 599.
550 4094 716 4164 Respexisse
731 4096 845 4152 Suidam
860 4097 917 4165 (vel
928 4096 1108 4167 Hesychium)
1122 4097 1158 4152 ad
1172 4099 1273 4153 Athen.

129 4177 166 4230 lX
185 4195 212 4246 p.
228 4182 279 4231 396
298 4175 371 4230 vidit
384 4176 528 4230 Πιιελωιιε.
561 4175 621 4240 Quo
640 4175 702 4232 loco
722 4195 784 4232 oum
803 4176 940 4233 Heniochi
959 4182 1059 4248 poetae
1078 4178 1174 4234 fabula
1191 4178 1274 4246 Poly-

129 4262 224 4313 euctos
235 4256 373 4324 laudetur,
386 4256 497 4310 foedam
507 4254 572 4309 inde
583 4259 771 4326 corruptelam
780 4259 915 4314 invasisse
925 4262 1044 4326 constat,
1054 4277 1138 4329 qaam
1148 4259 1275 4328 profecto

129 4356 220 4407 neque
239 4338 274 4392 ad
295 4336 398 4391 Suidae
416 4353 506 4406 neque
524 4335 561 4390 ad
581 4336 721 4393 Eudociae
739 4339 883 4410 ingenium
906 4357 968 4394 oum
989 4341 1127 4394 Meinetio
1145 4339 1157 4391 I
1176 4357 1202 4408 p.
1222 4346 1274 4394 422

130 4419 254 4474 reiciam.
275 4417 400 4479 Similem
415 4436 536 4473 errorem
551 4418 648 4476 notavi
661 4437 687 4473 v.
699 4417 827 4490 Πύρρων,
841 4424 952 4490 Χείρων
966 4422 1001 4476 ai.
1041 4427 1072 4474 15
1088 4416 1275 4489 opoipccoBv

201 4497 338 4553 DCLVIll
357 4499 432 4552 Eud.
452 4517 478 4568 p.
494 4504 554 4553 599.
588 4500 704 4556 Tractat
716 4499 845 4556 Meineke
859 4502 871 4554 1
886 4519 912 4570 p.
927 4507 977 4556 261
1036 4505 1068 4554 18
1082 4496 1179 4570 ’Ἄρεως
1193 4503 1279 4571 γοναί
