3036 5114
204 322 267 385 162
667 323 878 379 Hllsi'stfflbs.

5 560 7 568 Ι
89 562 93 571 Ι
198 489 348 568 πολίτης,
365 482 553 569 φιλόσοφος
568 482 589 574 Ι,
605 482 620 574 ΙΙ
636 482 653 551 ὁ
670 486 860 582 ξπικληθεΙς
876 486 1152 585 φιλογράρηαατος
1168 485 1199 577 ΙΙ,
1214 486 1350 566 είκόυας

197 588 280 657 κατά
309 604 489 678 στοιχείου,
519 589 534 680 ΙΙ
545 593 664 678 τέχνην
692 594 921 680 γραμματικήν
932 594 963 685 ΙΙ,
996 596 1071 679 περὶ
1098 593 1349 681 γραφικῆςκαλ

199 697 383 783 ζωγράφων
407 697 569 784 ἐνδόξων,
594 698 599 789 Ι
619 699 782 785 γεωργικά
807 706 919 786 βιβλία
944 700 976 787 γ’
993 701 1017 791 Ι.

286 808 432 874 DOXIV.
468 812 686 886 Παναίτιος
704 805 845 893 Ῥόδιος,
873 806 890 875 δ
915 808 1115 895 πρεσβύτης,
1141 809 1342 895 φιλόσοφος,

170 904 240 981 σού
261 912 366 993 πολύς
389 916 425 982 ἐν
448 913 649 1002 φιλοσόφοις
672 915 779 1001 λόγος.
824 918 958 1009 φε-’ρ-ε-ται
982 914 1088 984 αὐτοῦ
1110 923 1223 1003 βιβλία
1246 916 1346 1003 φιλό-

198 1040 288 1108 σοφα
311 1029 457 1090 πλείστα.

285 1129 413 1197 DCXV.
452 1135 707 1209 Παναίτιος
732 1126 750 1197 δ
775 1129 949 1216 νεώτερος,
974 1131 1184 1217 Νικαγόρου,
1203 1127 1347 1215 Ῥόδιος,

196 1235 384 1324 φιλόσοφος
404 1236 563 1321 Στωικός,
589 1239 776 1323 Διογένους
800 1236 977 1325 γνώριμος,
1000 1235 1037 1318 δς
1055 1237 1269 1325 καθηγήσατο
1289 1238 1347 1304 καὶ
1372 1256 1439 1303 ιω..

197 1351 397 1431 Σκηπίωνος
432 1349 492 1411 τοῦ
535 1345 772 1430 ἐπικληθέντος
805 1343 1010 1431 Ἀφρικανοῦ
1050 1344 1130 1431 μετὰ
1170 1344 1348 1431 Πολύβιον

160 1473 185 1512 10
199 1457 487 1538 Μεγαλοπολίτην.
530 1452 718 1537 ἐτελεύτησε
742 1450 774 1519 δ’
801 1454 836 1519 ἐν
858 1451 1023 1538 Ἀθήναις.

286 1559 432 1626 DCXVI.
469 1558 697 1644 Πανόλβιος
728 1562 816 1627 ἐπῶν
844 1558 989 1646 ποιητής.
1036 1565 1158 1647 ἔγραψε
1185 1558 1346 1654 διάφορα,

197 1666 251 1732 καὶ
275 1662 358 1751 πρὸς
381 1666 547 1751 Αίθέριον
569 1663 650 1752 μετά
675 1664 737 1752 τὴν
761 1665 867 1733 νόσον
887 1664 932 1733 δι’
959 1669 1047 1735 ε’πών
1070 1670 1125 1735 καὶ
1149 1666 1233 1752 πρὸς
1250 1663 1346 1753 Ἐρύ-
1366 1701 1423 1744 αα
1434 1723 1438 1732 .

198 1780 302 1859 θριον
321 1772 376 1839 καὶ
394 1770 478 1857 πρὸς
492 1771 680 1856 Δωρόθεον
700 1769 848 1860 ἡγεμόνα
866 1773 920 1840 καὶ
940 1773 1066 1863 κόμητα
1085 1776 1139 1841 καὶ
1159 1779 1206 1853 είς
1222 1771 1346 1861 Ἀφθό-

197 1908 274 1949 νιον
294 1871 421 1968 κόρητα
439 1881 495 1947 καὶ
514 1878 690 1967 ἐπιτάφιον
704 1879 859 1960 ’Ὶπατίας
876 1881 1045 1969 θυγατρὸς
1062 1880 1254 1969 Ἐρυθρίου.

153 2010 182 2049 15
199 2041 200 2044 τ
285 1988 446 2082 DCXVII.
471 1978 678 2067 Πανύασις
697 1987 902 2076 Πολυάρχου
915 1987 1204 2075 Ἁλικαρνασσεύς,
1225 1988 1231 2078 Ι
1251 2015 1345 2075 τερα-

163 2132 172 2173 (
195 2094 358 2176 τοσκόπος
371 2096 426 2163 καὶ
442 2096 447 2187 Ι
463 2095 600 2183 ποιητὴς
620 2099 716 2164 ἐπῶν.
748 2088 846 2175 οὗτος
864 2102 1067 2189 σβεσθεζσαν
1085 2095 1147 2184 τὴν
1166 2121 1345 2183 ποιητικην

161 2176 172 2283 Ι
196 2200 352 2290 άνηγαγς.
398 2207 527 2300 Δοῦρις
550 2203 587 2270 δὲ
612 2206 797 2283 Διοκλέους
818 2230 852 2270 τε
876 2207 979 2270 παῖδα
1003 2202 1170 2291 ἀνέγραψε
1193 2203 1248 2270 καλ
1275 2203 1344 2269 Σά-

196 2331 290 2396 μιον·
320 2307 443 2396 ὁμοίως
472 2309 508 2377 δὲ
534 2311 589 2377 καλ
607 2307 793 2396 Ἡρόδοτον
817 2310 972 2397 Θούριον.
1019 2311 1188 2402 ἱστόρηται
1212 2310 1249 2378 δὲ
1273 2319 1345 2376 Πα-

197 2471 319 2527 auctoris
338 2472 444 2541 scripta
461 2472 646 2542 grammatico
661 2472 766 2525 temero
781 2470 881 2524 tn‘buit
894 2472 1068 2539 Lambeciscs3
1084 2472 1132 2526 ssd
1143 2470 1243 2540 τέχνην
1257 2490 1344 2540 γραμ-

196 2549 317 2623 ματικὴν
336 2570 354 2607 a
368 2552 475 2620 pictore
490 2549 647 2605 abiudicari
659 2552 689 2604 et
702 2552 738 2604 ad
753 2551 968 2620 grammaticum
982 2551 1060 2605 reiici
1075 2570 1144 2621 opus
1158 2553 1210 2618 ost,
1224 2569 1287 2605 cnm
1301 2551 1344 2620 pi·

196 2635 301 2688 ctorem
318 2630 437 2686 maxime
450 2632 580 2686 deceant:
596 2627 819 2699 εἰκόνας-περὶ
833 2632 975 2701 γραφικῆς
985 2632 1033 2685 καὶ
1044 2627 1199 2700 ζωγράφων
1211 2627 1343 2695 ἐνδόξων.

196 2711 396 2781 Philosophum
412 2709 595 2777 Platonicum,
613 2729 695 2781 quem
711 2710 828 2765 landant
842 2711 898 2767 Cio.
907 2716 964 2766 nat.
978 2712 1004 2767 d.
1016 2712 1036 2778 1,
1048 2718 1090 2778 26,
1105 2711 1185 2778 Diog.
1196 2710 1229 2778 X,
1241 2717 1282 2776 14,
1298 2710 1344 2764 hio

195 2811 251 2847 non
269 2790 397 2860 intellegi
416 2792 496 2859 patet
517 2799 528 2845 1
555 2787 570 2845 ὁ
591 2787 634 2846 ἐπ.
655 2786 883 2861 φιλογράμματος
901 2809 970 2847 corr.
991 2792 1166 2856 Lambscius,
1186 2790 1287 2847 morito
1307 2791 1342 2844 nd

195 2873 412 2944 grammaticum
426 2871 557 2939 referens,
572 2868 587 2927 ὁ
604 2869 647 2927 iu.
659 2869 888 2941 φιλοπράγματος
901 2873 972 2940 vulo.
1016 2869 1129 2933 εἰκόνας
1144 2871 1200 2924 τῶν
1216 2872 1343 2943 βοτανῶν

195 2972 341 3025 perperam
357 2954 427 3008 coni.
442 2953 614 3019 Lamoecins,
633 2951 798 3006 Philostrati
811 2952 875 3019 περλ
891 2947 1010 3005 εἰκόνων
1025 2950 1110 3004 libros
1126 2950 1229 3004 rectius
1242 2950 1273 3003 in
1286 2966 1344 3002 me·

195 3037 312 3091 moriam
331 3033 475 3088 revocavit
493 3034 638 3089 Καιίιτιιε.
680 3032 809 3087 Ceterum
830 3027 929 3099 Πάμφ.
954 3032 1154 3098 Νικοπολίτης,
1179 3028 1343 3098 φιλόσοφος,

195 3134 293 3183 γεωργ,
309 3115 364 3185 βιβ.
377 3109 405 3181 γ’
421 3111 592 3179 botanicum,
607 3132 689 3182 quom
705 3113 803 3167 laudat
813 3110 943 3177 Golonns,
958 3113 1084 3180 spectaro
1098 3109 1170 3163 vidit
1182 3109 1344 3164 Gulsctmid

196 3201 212 3248 3
231 3189 371 3263 γεωργικά
391 3210 444 3247 om.
465 3197 500 3260 Δ,
520 3192 592 3247 unde
612 3194 771 3263 fragmenta
790 3191 872 3245 hodie
892 3193 1000 3244 exstare
1018 3188 1128 3243 monuit
1146 3189 1283 3243 Jsssnsterus

268 3273 381 3328 DCle
400 3272 475 3328 Eud.
492 3291 519 3342 p.
533 3279 592 3327 603.
632 3274 802 3327 Memoratnr
821 3291 846 3325 v.
863 3265 1027 3339 Ἀντιφάνης
1043 3265 1203 3338 Ἀθηναῖος,
1219 3264 1344 3326 Ἀπολλό-

196 3358 298 3425 δωρος,
318 3349 472 3425 Πολύβιος,
491 3349 681 3415 Ποσειδώνιος
750 3359 766 3405 4
785 3347 971 3421 πρεσβύτερος
987 3350 1124 3404 Westerm.
1195 3357 1211 3404 5
1231 3354 1344 3414 πολλοῖς

196 3438 226 3491 ot
244 3431 259 3490 ὃ
279 3431 361 3504 λόγος
379 3440 403 3487 Δ

267 3516 366 3570 DCXV
385 3515 461 3569 Eud.
480 3516 498 3568 l.
519 3533 551 3582 ο,
571 3532 641 3583 quae
660 3513 760 3584 incipit
779 3512 825 3565 sol
847 3510 940 3576 ἕτερος
954 3515 1026 3563 Παν.
1083 3517 1099 3563 8
1118 3515 1197 3578 Διογ.
1217 3511 1234 3565 i.
1249 3526 1273 3566 ο.
1290 3510 1342 3565 Βιι-

195 3597 302 3668 bylonii
375 3596 424 3649 καὶ
443 3595 506 3649 add.
526 3599 628 3647 nvn
702 3589 807 3663 9μετὰ
827 3587 877 3644 τὸν
896 3596 967 3658 Μεγ.
986 3591 1062 3646 End.
1131 3593 1215 3645 Σκιπ.
1235 3590 1299 3645 libri

267 3675 380 3729 DCXVI
400 3675 475 3728 Eud.
495 3693 521 3743 p.
538 3680 598 3729 595.
628 3674 668 3729 Cf.
687 3675 818 3736 Diintzsr‚
837 3670 887 3739 Ep.
904 3671 937 3724 ir.
952 3671 977 3723 ll
992 3687 1019 3738 p.
1038 3676 1094 3725 110.
1116 3669 1234 3723 Zenonis
1248 3673 1343 3726 astato

196 3775 260 3810 oum
279 3755 380 3808 vixisse
399 3753 483 3807 docet
498 3754 573 3807 Suid.
593 3772 619 3807 v.
636 3749 787 3821 Ἐρύθριος
843 3758 875 3804 13
894 3747 1024 3817 Ἐθὲριον
1043 3756 1100 3804 Alo.
1116 3751 1191 3805 Euo.
1248 3759 1281 3806 14
1300 3753 1342 3806 di-

197 3833 306 3891 versam
326 3851 388 3888 eam
408 3849 469 3887 osso
488 3833 524 3886 ab
542 3833 678 3901 Hypatio,
698 3831 821 3886 Theonis
840 3831 911 3898 filia,
930 3829 1106 3885 notissimum
1126 3834 1169 3885 est

269 3912 395 3967 DCXVll
413 3913 488 3968 Eud.
503 3930 529 3981 p.
546 3917 605 3965 696.
642 3909 682 3964 cf.
702 3928 727 3964 v.
746 3906 910 3978 Ἀντίμαχος.
939 3911 1074 3964 Tractant
1092 3911 1203 3979 Ναολτε,
1218 3912 1340 3968 Choeril.

195 4015 223 4067 p.
239 4001 282 4063 17,
301 3993 472 4058 Tmoliti-ner,
492 3993 557 4046 Pan.
577 3990 610 4045 fr.
630 4010 656 4060 p.
673 3997 739 4059 isq.
796 3997 827 4045 15
848 3986 1015 4059 Πολυάρχου
1035 4021 1068 4029 -
1088 3988 1237 4060 ίοτόρησαν
1252 4010 1306 4049 oni.
1318 3999 1342 4046 Δ

195 4071 558 4145 τερατόσκοποςροτείοοτο
577 4071 612 4125 nd
632 4071 752 4124 alterum
765 4068 949 4138 Panyasidem
968 4069 1168 4139 philosophum
1183 4075 1258 4126 recte
1276 4089 1340 4141 per—

196 4157 287 4228 spexit
301 4153 451 4208 Fabricius
516 4157 548 4203 16
572 4144 654 4211 οὗτος
672 4180 706 4190 --
725 4146 850 4218 ἀνήγαγε
871 4148 969 4216 scripsi
988 4165 1050 4201 cnm
1070 4153 1100 4216 V,
1124 4143 1155 4210 ὃς
1177 4145 1341 4219 ἐπανήγαγε

194 4241 266 4307 only.
333 4239 364 4287 l'l
385 4231 418 4284 de
438 4228 541 4281 Doride
560 4229 594 4283 cf.
610 4228 712 4283 Miller
727 4231 750 4284 Il
770 4249 796 4299 p.
816 4235 867 4282 482
888 4230 931 4297 (fr.
948 4232 993 4293 57)
1053 4228 1156 4295 Δοῦρις
1174 4227 1206 4283 δὲ
1222 4224 1286 4282 -ὁ
1307 4229 1341 4284 δὲ

196 4313 344 4376 Πανύασις
363 4329 416 4367 om.
432 4309 506 4362 End.
592 4314 625 4361 18
648 4305 751 4377 ὁμοίως
770 4308 817 4362 καλ
836 4312 884 4359 BV
909 4304 1012 4375 ὁμοίως
1036 4302 1072 4367 ὡς
1091 4306 1252 4360 dubitanter
1271 4308 1341 4360 Gut-

195 4399 298 4453 εείιοιίδ
339 4388 491 4460 Ἡρόδοτον
507 4385 630 4455 Θούριον
645 4406 681 4441 so.
697 4384 842 4457 ἀνέγραψε
858 4403 927 4439 corr.
945 4386 1093 4455 λλίεετίικρ
1103 4381 1252 4452 Ἡρόδοτος
1266 4389 1341 4456 vulo.

196 4474 299 4553 ὁμοίως
318 4472 366 4528 καλ
381 4463 579 4541 Νυμφόδωρος
599 4466 654 4535 (vel
669 4463 850 4536 Ἡρόδωρος),
869 4461 992 4532 Θούριον
1011 4462 1042 4518 δὲ
1063 4464 1227 4519 'l'zschirnor
1244 4484 1271 4535 p.
1289 4474 1321 4521 11
