3036 5114
707 1130 735 1199 1.

446 1274 550 1342 Vitae
573 1271 758 1358 Apollonii
780 1220 819 1339 όῖ
841 1271 1037 1340 Ηυιοδίαοὶ

234 1433 497 1513 Ἀπολλώνιος
520 1424 618 1513 οὗτος
637 1429 870 1519 Ἀλεξανδρεὺς
888 1430 949 1518 μὲν
968 1423 1013 1518 ήν
1035 1429 1072 1499 τό
1096 1432 1209 1517 γένος,
1233 1456 1293 1517 μη-

149 1542 227 1629 τρὸς
253 1542 316 1630 μὲν
345 1540 535 1630 Ἀριάδνης,
566 1537 690 1627 πατρὸς
720 1537 758 1606 δέ
787 1540 999 1626 Μνησιθέου.
1048 1541 1121 1625 ἔσχε
1150 1538 1186 1605 δέ
1215 1535 1292 1605 υίόν

144 1647 360 1734 Ἡρωδιαυὸν
382 1647 620 1736 γραμματικόν.
665 1645 742 1739 ᾤκει
767 1644 804 1713 δέ
825 1647 925 1738 ἐντῷ
945 1651 1121 1736 Προυχείῳ
1139 1645 1214 1732 περὶ
1233 1642 1293 1712 τὸν

150 1757 279 1845 δρόμον
312 1759 348 1825 ἐν
380 1756 471 1848 τόπῳ
503 1754 589 1825 οὕτω
617 1753 811 1846 καλουμένῳ
840 1753 915 1841 περὶ
942 1750 1003 1839 τήν
1030 1750 1299 1837 Ἀλεξάνδρειαν·

150 1870 236 1932 ἔνθα
264 1865 320 1932 καὶ
348 1863 462 1951 έτάφη.
509 1861 632 1950 ἕγραὶίε
660 1861 696 1930 δὲ
721 1862 777 1930 καὶ
800 1860 876 1945 περὶ
899 1864 967 1928 τῶν
991 1857 1075 1930 ὀκτὼ
1098 1864 1211 1948 μερῶν
1233 1863 1321 1936 ποῦς
1402 1945 1406 1952 ⁴

150 1973 253 2057 λόγου
285 1971 340 2038 καὶ
368 1971 443 2056 περὶ
474 1969 669 2052 συντάξεως.
719 1966 845 2055 ἐκλήθη
866 1966 903 2035 δὲ
927 1966 1117 2053 Δύσκολος,
1146 1969 1215 2036 ἐπεὶ
1239 1968 1294 2036 καὶ

151 2077 314 2166 δυσχερής
350 2079 418 2145 ἐστι
451 2077 533 2146 κατὰ
566 2075 628 2165 τήν
661 2076 788 2164 φράσιν
821 2073 882 2164 (δι’
916 2073 1041 2162 ὀλίγων
1073 2074 1137 2162 γὰρ
1172 2077 1294 2157 λέξεων

150 2185 257 2253 πολλὰ
281 2189 424 2274 παριστᾷ
447 2184 612 2273 νοήματα)
637 2180 657 2270 ή
681 2181 732 2251 ὅτι
750 2181 955 2272 κακότροπος
980 2176 1034 2270 ήν,
1058 2179 1078 2270 ἣ
1098 2182 1150 2253 ὅτι
1168 2186 1206 2252 ἐν
1223 2197 1295 2262 ταῖς

151 2297 352 2379 γυμνασίαις
385 2289 571 2371 δυσλύτους
601 2286 743 2378 ἀπορίας
775 2296 895 2377 ἔλεγεν.
941 2297 1021 2373 ἔθος
1052 2289 1115 2380 γὰρ
1148 2282 1192 2378 ήν
1224 2305 1295 2372 τοῖς

151 2397 305 2486 ἀρχαίοις
332 2412 466 2486 σοφοῖς,
494 2403 541 2478 είς
569 2400 627 2466 ἕνα
654 2397 760 2466 τόπον
785 2399 1008 2486 συνέρχεσθαι
1032 2399 1086 2467 καὶ
1109 2405 1296 2487 γυμνασίας
1310 2434 1335 2472 ιο

150 2504 249 2593 χάριν
276 2503 532 2592 αἰνιγματώδεις
559 2503 653 2585 τιυάς
680 2505 733 2572 καί
762 2503 902 2592 ἀσαφεῖς
929 2505 1051 2592 λόγους
1074 2508 1295 2593 φθέγγεσθαι.

150 2618 313 2682 τοσοῦτον
343 2613 380 2680 δὲ
409 2604 450 2700 ἦν
477 2614 580 2698 πένης
607 2608 624 2679 ὁ
645 2608 883 2700 ἲλπολλόνιος,
912 2609 957 2693 ὡς
982 2614 1018 2681 ἐν
1042 2610 1193 2706 ὀστράκῳ
1216 2613 1294 2702 γρά·

151 2747 228 2806 φειν
258 2721 298 2787 ιά
332 2720 454 2788 ἑαυτοῦ
487 2717 727 2805 συγγράμματα
760 2718 816 2786 διὰ
849 2718 887 2788 τό
915 2718 961 2807 μή
989 2719 1145 2806 εὐπορεῖν
1173 2721 1296 2809 χάρτας

153 2834 325 2915 πρίασθαι.
371 2829 546 2894 ἐπαίδευσε
575 2825 612 2894 δὲ
634 2824 695 2894 τὸν
718 2825 797 2894 υίὸν
820 2824 925 2896 αὑτοῦ
943 2825 1155 2915 Ἡρωδιαυὸν
1178 2831 1295 2896 τοσοῦ-

151 2961 226 3020 τον,
254 2933 337 3003 ὅσον
364 2933 405 3002 τὰ
435 2935 511 3020 τέλη
534 2936 592 3021 τῆς
614 2931 820 3014 παιδεύσεως
843 2934 1003 3022 εἰληφότα
1025 2932 1211 3024 ἀποστήναι
1235 2933 1291 3002 ἀπ’
1309 2968 1335 3009 ιι

151 3040 257 3109 αὐτοῦ
294 3039 351 3109 διά
383 3039 421 3108 τὸ
456 3042 588 3108 ἐκείνου
620 3036 767 3128 σκληρὸν
799 3035 820 3126 ἢ
852 3039 909 3110 διά
940 3040 979 3109 τὸ
1009 3040 1176 3131 μητρυιὰν
1204 3037 1294 3134 αὐτῷ

151 3150 389 3235 ἐπεισαγαγεῖν.
435 3144 572 3232 ἀφίκετο
601 3145 639 3215 δὲ
666 3150 713 3227 είς
735 3144 866 3235 Ῥώμην
893 3150 946 3218 ἐπὶ
977 3149 1123 3238 Μάρκου
1144 3147 1294 3218 Ἀντωυί-

152 3281 216 3322 νου
238 3255 306 3339 [καί
331 3255 511 3343 διέγραφεν
534 3255 638 3321 ἐκεῖσε
659 3251 700 3321 τά
722 3252 893 3341 κάλλιστα]
917 3256 972 3325 καὶ
991 3261 1155 3325 τοσοῦτον
1173 3255 1294 3343 <ηόδο·

151 3364 329 3449 κίμησεν>,
353 3359 435 3430 ὅσον
454 3360 509 3428 καὶ
529 3365 627 3447 φίλος
644 3363 690 3452 τῳ
710 3359 840 3453 Μάρκῳ
862 3363 1025 3462 γέγονεν..
1046 3368 1132 3432 ἔνθα
1155 3364 1211 3432 καὶ
1233 3362 1295 3451 τήν

224 3583 236 3630 1
258 3571 272 3630 ὁ
287 3570 461 3644 Ἡρωδιανὸς
479 3570 540 3636 οἷός
554 3573 606 3644 μὲν
621 3574 738 3644 γέγονεν
755 3570 935 3633 Ἀπολλωνίου
949 3573 1067 3647 ἐπίκλην
1082 3574 1228 3634 Δυσκόλου
1242 3579 1294 3634 τοῦ

150 3654 199 3711 καὶ
218 3654 258 3718 είς
276 3652 311 3710 τὰ
326 3651 399 3711 όκτὼ
414 3653 485 3725 μέρη
499 3653 738 3725 σνγγραψαμένον
757 3656 806 3712 καί
824 3655 866 3721 είς
884 3653 935 3727 τὴν
949 3655 1089 3725 σύνταξιν.
1117 3659 1155 3732 τῳ
1169 3657 1246 3728 γένει
1262 3657 1293 3714 δέ

150 3726 186 3805 ήν
203 3731 397 3806 Ἀλεξανδρεὺς
419 3735 468 3790 καί
490 3730 559 3807 ςόκει
583 3731 614 3790 ἐν
635 3738 687 3805 Πρ.
707 3768 738 3776 -
763 3732 863 3807 ἐτάφη.
900 3733 1008 3808 ἐκλήθη
1032 3736 1064 3793 δέ
1088 3733 1181 3808 πατήρ
1206 3734 1295 3794 αὐτοῦ

148 3811 202 3870 ’Am
222 3816 386 3885 Avonsseq.
402 3815 467 3870 Par.
487 3814 516 3869 in
531 3831 585 3882 quo
600 3814 702 3871 desunt
715 3809 797 3881 οὗτος
808 3813 854 3874 'AL
871 3849 904 3859 -
919 3817 1090 3887 Μνησιθέου
1145 3825 1161 3872 3
1180 3819 1213 3889 ’τῇ
1228 3823 1294 3874 κολα

151 3898 298 3965 Προογείῳ
318 3895 382 3950 εδδ,
403 3894 463 3949 cod.
484 3895 562 3965 Sylb.
582 3913 636 3951 om.
653 3898 721 3953 Par.
744 3899 783 3971 τῷ
802 3898 901 3968 scripsi
973 3905 990 3954 6
1009 3895 1109 3968 ἐπειδὴ
1128 3901 1207 3969 δυσχ.
1225 3900 1293 3955 Par.

151 3982 166 4029 ῖ
185 3972 239 4045 γὰρ
258 3975 318 4031 cod.
335 3975 420 4045 Sylb„
439 3972 471 4029 δὲ
490 3974 565 4046 δηλδ,
621 3973 689 4032 8ἐν
707 3984 769 4040 ταῖς
786 3998 869 4048 γυμν.
888 3978 975 4034 etiam
996 3978 1064 4035 Par.
1120 3986 1152 4034 11
1172 3974 1294 4048 ἀσαφεῖς

149 4054 250 4124 λόγους
269 4056 337 4110 Par.
357 4049 401 4108 ἀσ.
419 4052 508 4120 λέξεις
532 4054 592 4109 eod.
612 4056 686 4126 Syzb.
768 4063 800 4112 14
823 4054 1000 4126 πριάσασθαι
1021 4059 1088 4115 Par.
1108 4055 1123 4114 ό
1147 4061 1218 4130 γοῦν
1234 4056 1293 4127 Ἡρ.

149 4135 319 4198 παιδευθεὶς
338 4165 371 4175 -
391 4131 513 4203 εἰληφώς
531 4164 566 4173 -
584 4128 692 4206 ἀπέστη
713 4139 781 4194 Par.
861 4145 894 4194 16
918 4136 966 4194 διὰ
986 4136 1017 4196 τὸ
1042 4135 1155 4195 ἐκείνου
1174 4134 1295 4208 σκληρὸν
1378 4137 1381 4141 ’
1433 4198 1451 4218 “

151 4215 216 4270 Par.
237 4213 284 4270 διὰ
303 4212 352 4270 τὸν
375 4213 482 4270 οίκεῖον
500 4214 603 4283 κλῆρον
617 4215 693 4286 Syzb.
768 4225 800 4274 17
820 4216 1020 4290 ἐπεισαγαγεῖν
1039 4220 1104 4275 Ραν.
1125 4215 1293 4287 ἐπισυναγα-

150 4302 211 4362 γεῖν
225 4295 301 4366 Sylb.
359 4296 422 4351 fort.
441 4312 511 4351 corr.
525 4288 557 4358 ὃς
575 4296 620 4350 vel
639 4288 722 4361 οὗτος
740 4292 875 4368 ἀφίκετο,
893 4300 993 4356 deinde
1013 4295 1045 4355 ἐν
1059 4296 1149 4369 Ῥώμη
1165 4298 1231 4354 Par.
1300 4320 1301 4324 ¹

154 4381 185 4429 18
206 4376 254 4429 καλ
269 4377 356 4445 διεγρ.
377 4407 409 4416 -
428 4372 561 4430 κάλλιστα
580 4392 634 4430 om.
657 4377 724 4436 Par.
748 4379 810 4436 fort.
829 4380 878 4435 καί
899 4376 935 4449 δή
958 4378 1079 4451 ἔγραφες
1102 4376 1294 4450 ηὐδοκίμησεν

152 4473 231 4525 supp.
252 4455 346 4510 Ιῖολιίι
364 4473 427 4511 mox
447 4472 515 4510 corr.
535 4458 618 4524 φίλον
638 4489 671 4498 -
690 4460 840 4530 γεγονέναι

1029 4550 1081 4605 16*
