3036 5114
471 1147 705 1220 ADDENDA
734 1148 797 1221 ET
826 1149 1143 1224 contremunt.

307 1446 416 1501 Priores
435 1446 566 1516 plagulas
585 1461 629 1499 mc
648 1446 763 1501 absente
782 1447 866 1515 paulo
885 1448 1080 1518 neglegentius
1093 1452 1232 1504 correctas
1252 1467 1310 1505 csse
1329 1451 1377 1506 do-

237 1527 297 1581 lens
316 1528 475 1596 praemitto.

306 1614 368 1676 μ.2
394 1602 541 1676 Ἀγάθων
564 1606 582 1664 l.
609 1613 641 1661 12
668 1611 834 1664 Παυσανίου
861 1607 930 1682 <nal
957 1612 1114 1678 Ευραιίδου
1143 1612 1216 1682 τοῦ)
1244 1613 1379 1680 τραγικοῦ

237 1687 307 1742 coni.
328 1687 439 1743 Cramer
458 1688 475 1743 l.
496 1705 519 1741 c.
1174 1734 1176 1739 .

269 1764 270 1767 ¹
305 1785 332 1836 p.
353 1763 504 1833 9Ἀλεξις
522 1769 540 1822 l.
563 1775 593 1821 17
614 1768 668 1836 leg.
688 1766 833 1836 πάτρως.

306 1866 332 1916 p.
355 1855 387 1903 10
410 1843 607 1918 Ἀλκιδάμας
630 1847 648 1903 l.
670 1855 701 1903 19
722 1866 784 1903 cum
804 1849 872 1904 sctis
892 1849 992 1904 mirum
1016 1850 1065 1918 sit,
1089 1868 1159 1920 opus
1181 1852 1272 1907 uoturi
1291 1853 1380 1921 putn's

237 1927 440 1999 Alcidamantis
458 1929 565 1983 nullum
589 1928 688 1998 ipsius,
712 1930 741 1982 in
763 1929 841 1984 fonto
861 1930 963 1985 Suidac
986 1931 1112 1986 extitisse
1137 1926 1152 1986 ὁ
1173 1936 1317 1986 Μουσεῖον
1335 1953 1378 2002 γε·

235 2007 349 2078 γραφώς
372 2008 529 2079 suspicetur
548 2010 721 2078 θυλασλιιιιιίλ,
747 2009 903 2078 comparari
926 2009 1025 2064 iubens
1043 2011 1235 2066 Nictzscbium
1259 2011 1378 2070 in.Mus.

236 2091 323 2145 Rhen.
343 2089 421 2144 XXV
440 2108 467 2159 p.
483 2096 534 2145 538
549 2109 605 2159 seq.

304 2166 498 2240 Ἀλκιμένης
517 2189 581 2241 opp.
600 2170 672 2225 udde
690 2171 788 2225 verbu:
813 2170 869 2239 qui
892 2172 1021 2227 comico
1046 2205 1077 2212 -
1101 2173 1262 2227 laudatus
1285 2173 1313 2228 in
1338 2192 1380 2229 sc-

239 2255 370 2322 queutem
389 2250 544 2320 plagellcm
564 2251 687 2320 delapsa.

306 2352 332 2402 p.
355 2337 384 2385 11
404 2326 541 2402 Ἀλκμάν
560 2332 575 2385 l.
597 2333 682 2386 6τοῦ
703 2332 873 2389 Σαδυάττου
893 2334 964 2389 coni.
984 2333 1152 2389 Guteeltmid.

305 2409 453 2481 Ἀμέλιος
471 2428 535 2481 epp.
555 2411 655 2480 corrig.
677 2419 713 2466 13
734 2429 784 2482 pro
806 2420 845 2467 14.

305 2512 331 2562 p.
355 2499 386 2546 12
409 2487 592 2560 Ἀνακρέων
617 2493 635 2547 l.
655 2499 670 2547 9
694 2492 805 2548 Kusteri
831 2494 1055 2549 emendationem
1083 2494 1183 2563 probat
1209 2496 1379 2563 Gutschruiri,

234 2574 282 2642 qui
301 2573 335 2631 dc
350 2562 450 2627 Dielsii
465 2572 580 2627 invento
600 2568 692 2642 ἀκμῆς
711 2590 783 2628 anno
803 2574 1017 2642 quadragesimo
1036 2572 1164 2644 illigatae
1184 2574 1306 2629 noudum
1326 2576 1380 2630 sibi

235 2654 304 2710 satis
324 2656 450 2709 constare
469 2653 581 2707 fatetur.
621 2652 749 2707 Ceterum
768 2654 871 2708 rectius
891 2652 1019 2707 secludes
1038 2653 1086 2707 καλ
1105 2650 1264 2721 συνέγραψε
1282 2685 1312 2691 -
1334 2646 1380 2710 δυ’.

306 2753 333 2804 p.
354 2741 386 2790 13
408 2729 673 2802 Ἀναξανδρίδης
695 2734 714 2788 l.
735 2741 748 2787 1
769 2731 836 2802 pror'
861 2733 1034 2788 Gutechmid:
1058 2733 1184 2802 intellegi
1208 2734 1283 2788 enim
1308 2732 1379 2786 ccle-

234 2815 368 2871 bcrrimos
383 2829 487 2884 agones
501 2813 642 2882 Aegenscs
660 2812 752 2880 (Diod.
768 2814 845 2881 XVI,
860 2816 919 2882 92),
940 2831 1057 2882 quorum
1073 2813 1218 2869 occasione
1232 2812 1381 2881 Philippus

234 2896 341 2952 occisus
361 2898 416 2961 est,
436 2897 464 2948 et
483 2893 640 2948 confirmari
658 2895 712 2948 hoc
731 2894 893 2962 corruptela
912 2891 969 2962 ριδ’
990 2913 1015 2951 v.
1033 2889 1238 2962 Ἀριστοφάνης.

306 2993 371 3044 epp.
392 2974 459 3029 del:
479 2972 511 3027 <ll
532 2990 585 3028 om.
605 2979 635 3030 Δ.

304 3051 567 3122 Ἀναξίμανδρος
586 3072 648 3125 epp.
668 3056 736 3126 leg:
758 3064 795 3111 16
814 3055 873 3109 καὶ
892 3056 973 3109 ante
991 3054 1078 3121 περὶ.

308 3155 333 3206 p.
351 3141 384 3189 14
400 3129 595 3202 Ἀνάχαρσις
610 3136 627 3189 l.
639 3142 655 3190 4
669 3137 725 3206 leg.
739 3139 906 3191 Καδουία.
927 3135 1055 3189 Ceterum
1071 3134 1155 3189 verbu
1170 3130 1242 3187 κατὰ
1257 3133 1289 3189 δέ
1304 3154 1381 3197 τινας

236 3248 267 3257 -
289 3218 333 3272 fin.
354 3233 417 3269 cum
437 3231 454 3268 a
477 3213 579 3268 uostris
599 3216 705 3271 Laertii
723 3216 927 3287 exemplaribus
946 3214 1051 3282 absint,
1075 3213 1187 3269 aliunde
1210 3213 1301 3286 petitu
1321 3232 1380 3269 essu

235 3298 373 3353 videntur.
410 3295 428 3351 l.
451 3301 467 3349 6
486 3290 608 3349 διελθών
626 3294 690 3365 περὶ
710 3295 780 3350 coni.
796 3295 964 3351 Gutschmid.

305 3396 331 3447 p.
352 3381 386 3430 lo
407 3370 660 3445 Ἀνδροκλείδης
684 3377 702 3430 l.
724 3384 737 3431 1
762 3377 816 3446 leg.
839 3376 904 3429 τῶν
927 3392 978 3445 pro
1002 3374 1065 3444 τοῦ,
1092 3392 1154 3429 cum
1181 3374 1221 3428 sic
1248 3375 1377 3431 cruenda-

240 3455 313 3511 vcrit
334 3455 444 3510 Portus

304 3532 503 3606 Ἀνδροτίων
522 3535 557 3592 cf.
577 3537 661 3592 etiarn
680 3537 777 3606 Riese,
796 3538 855 3594 nu.
874 3537 936 3591 Ber.
956 3534 1008 3603 111,
1029 3541 1045 3588 2
1064 3553 1091 3604 p.
1107 3541 1166 3589 342.

303 3611 496 3686 Ἀντίμαχος
520 3618 538 3673 l.
557 3625 591 3673 20
615 3636 678 3673 cum
701 3619 770 3674 nihil
795 3620 889 3674 obstet
912 3615 1057 3685 quominus
1081 3630 1176 3670 servus
1201 3616 1307 3671 domiui
1338 3617 1379 3671 sui

235 3696 348 3752 auditor
371 3696 419 3765 sit,
445 3696 475 3751 in
496 3697 677 3767 sequentibus
697 3698 920 3753 coniunctionem
943 3713 1007 3750 cum
1025 3695 1180 3765 Punyaside
1192 3695 1376 3765 ''chronologi-

235 3779 274 3832 cis
298 3776 465 3848 quibusdem
489 3776 645 3833 rationibus
668 3779 760 3833 refelli
779 3780 875 3833 censet
895 3775 1069 3844 Gutschmid,
1093 3773 1189 3845 itaque
1211 3771 1300 3831 αὐτοῦ
1319 3792 1379 3831 ccr-

236 3858 349 3928 ruptum
369 3875 428 3913 esse
448 3860 477 3913 et
494 3857 583 3912 lutere
602 3875 703 3913 nomen
722 3858 878 3927 proprium,
898 3856 1014 3912 fortasse
1032 3851 1152 3910 Ἀνύτου.

306 3958 334 4009 p.
356 3945 387 3993 16
405 3932 623 4006 Ἀντισθένης
640 3954 704 4010 app.
725 3938 742 3992 l.
762 3943 797 3992 20
817 3938 885 4008 leg:
905 3936 1084 4007 Διογένης.

307 4039 333 4091 p.
353 4027 387 4074 22
405 4014 541 4088 Ἀρατος
558 4019 577 4072 1.
596 4025 630 4073 21
649 4020 770 4074 Uxorem
785 4019 920 4088 Antigoni
939 4017 1058 4086 Philam,
1078 4016 1097 4071 f.
1112 4017 1229 4087 Seleuci,
1249 4018 1381 4074 contundi

235 4118 298 4156 curn
317 4100 392 4170 regis
411 4101 501 4154 matre
520 4098 613 4167 Phile,
634 4100 652 4154 i.
671 4101 826 4169 Antipatri,
846 4102 942 4154 monet
960 4099 1126 4154 Gutechmid.

307 4201 334 4251 p.
353 4187 388 4235 24
404 4175 573 4247 Ἀριστέας
591 4179 609 4235 1.
627 4187 658 4235 19
678 4197 739 4234 cum
755 4180 876 4235 Abaride
895 4179 1027 4236 confundi
1045 4178 1183 4233 Aristeam
1202 4181 1297 4233 censet
1313 4179 1379 4232 Gut-

234 4263 353 4327 τολινιίιλ,
371 4277 434 4315 curn
453 4259 534 4314 testis
553 4259 790 4328 locupletissimus
809 4260 911 4315 Herod.
932 4259 977 4327 IV,
999 4265 1031 4313 15
1051 4276 1113 4311 eum
1133 4256 1209 4310 circe
1227 4274 1251 4310 c.
1268 4263 1320 4311 696
1340 4255 1380 4309 vi-

235 4343 308 4397 xisse
328 4341 422 4397 trudet
440 4342 469 4394 et
487 4356 550 4394 cum
570 4343 764 4408 argumentum
785 4339 916 4395 carminis
941 4339 1091 4393 abeodem
1112 4336 1296 4406 descriptum,
1319 4339 1379 4390 turn

236 4422 331 4476 fabula
351 4421 386 4475 de
405 4418 526 4475 Homero
545 4419 603 4473 eius
623 4418 761 4492 discipulo
781 4420 808 4475 id
827 4421 919 4491 ipsum
939 4420 1107 4475 confirment.
