3036 5114
601 354 815 413 HESYCHIUS.
1214 350 1281 414 205

140 521 300 591 Φαίδωυά
335 527 395 606 [τε]
417 519 548 589 Ἠλεῖον
575 521 629 588 καὶ
660 517 766 588 αύτόν
794 521 885 586 ἰδίαν
911 515 1122 602 συστήσαντα
1147 511 1282 599 σχολήν,

137 630 200 718 τήν
220 627 395 716 Ἠλειακήν
424 625 479 695 ἀπ’
506 624 611 696 αύτού
638 635 822 714 κληθεῖσαν
854 622 1008 713 (ὕστερον
1033 621 1070 690 δὲ
1093 618 1176 706 αὕτη
1198 616 1283 705 Ἐρε-

136 737 253 824 τριακή
292 735 433 823 ἐκλήθη,
472 734 678 822 Μενεδήμου
714 739 760 813 εἰς
793 731 964 820 Ἐρέτριαν
1003 730 1212 811 διδάξαντος·
1250 729 1285 794 ἐκ

136 844 261 913 τούτου
289 844 326 912 δὲ
353 848 414 913 τού
443 842 648 911 διδασκάλου
675 843 730 910 καὶ
759 839 777 909 δ
807 841 956 927 Πύρρων
983 837 1153 925 γε’γονεν)·
1182 834 1282 903 Ἀντι-

140 954 280 1039 σθένην,
305 948 341 1030 δς
361 950 423 1038 τήν
442 949 584 1038 κυνικήν
603 949 778 1037 εἰσήγαγεν
798 952 941 1034 αἵρεσιν·
966 944 1154 1031 Εὐκλείδην
1173 951 1313 1029 Mssa-t·

139 1062 198 1146 ρέα
225 1060 280 1126 καὶ
309 1056 414 1127 αὐτὸν
443 1061 534 1126 ἰδίαν
560 1056 814 1144 συστησάμενον
838 1056 977 1143 σχολήν,
1005 1051 1077 1141 ήτις
1100 1050 1154 1120 ἆτ’
1181 1046 1285 1118 αὐτοῦ

139 1167 264 1254 ἐκλήθη
293 1165 487 1252 Μεγαρική,
519 1164 583 1233 άπὸ
619 1165 656 1233 δὲ
684 1162 918 1250 Κλεινομάχου
946 1166 1007 1230 τοῦ
1034 1164 1189 1249 μαθητοῦ
1220 1155 1286 1225 Ei)n

140 1278 274 1341 κλείδου
303 1272 427 1361 ἐκλήθη
458 1271 658 1358 διαλεκτική·
690 1274 894 1357 Ξενοφῶντα
923 1267 1092 1355 Γρύλλον,
1122 1271 1286 1353 Αἰσχίνην

141 1386 316 1448 Λυσανίου
340 1380 524 1467 Σφήττιον,
551 1382 684 1466 Κέβητα
708 1384 868 1465 Θηβαῖον,
892 1377 1077 1445 Γλαύκωνα
1093 1374 1287 1460 Ἀθηναῖον,

140 1485 307 1572 Βρύσωνα
335 1485 583 1573 Ἡρακλεώτην,
616 1483 652 1565 ὃς
683 1486 746 1574 τήν
778 1483 947 1573 ίριστικήν
980 1479 1188 1568 διαλεκτικήν
1222 1486 1286 1548 εἰσ·
1303 1510 1327 1549 ιο

139 1594 242 1680 ήγαγε
267 1593 347 1681 μετά
373 1591 560 1662 Εὐκλείδου
583 1593 720 1683 (ηὔξησε
745 1593 781 1661 δὲ
806 1592 1051 1683 Κλεινόμαχος,
1075 1591 1130 1658 καί
1154 1592 1287 1657 πολλῶν

141 1696 185 1767 δι’
219 1698 321 1787 αὐτῆς
350 1700 521 1770 ἐλθόντων
550 1703 665 1788 ἔληξεν
692 1708 738 1782 εἰς
767 1700 910 1788 Ζήνωνα
940 1698 1001 1769 τὸν
1031 1701 1161 1767 Κιτιέα·
1190 1688 1288 1776 οὗτος

140 1806 203 1894 γάρ
227 1804 285 1874 ἀπ’
311 1805 417 1876 αὐτοῦ
441 1805 596 1895 Στωικήν
623 1811 658 1877 ἐκ
680 1813 741 1876 τού
763 1807 870 1876 τόκου
892 1806 953 1895 τήν
978 1805 1102 1894 σχολὴν
1124 1804 1288 1893 ὠνόμασε,

93 1966 98 1973 -
140 1913 287 2002 γεγονὼς
319 1916 371 1983 ίτιί
403 1920 460 2002 τής
492 1914 562 2004 ρκε’
596 1913 814 2003 ὀλυμπιάδος·
851 1914 939 1995 τινες
971 1914 1008 1983 δὲ
1047 1914 1212 2002 Βρύσωνα
1246 1911 1287 1980 οὐ

144 2021 346 2111 Σωκράτους
372 2019 445 2090 ἀλλ’
477 2020 663 2090 Εὐκλείδου
691 2020 858 2110 ἀκροατήν
886 2021 1068 2110 γράφουσι·
1101 2020 1223 2115 τούτου
1251 2019 1287 2087 δὲ
1304 2048 1328 2087 ιε

142 2130 198 2197 καὶ
231 2129 380 2217 Πύρρων
415 2126 619 2217 ἠκροάσατο,
653 2127 712 2216 ἀφ’
748 2121 850 2218 οὗπερ
884 2132 919 2198 οί
943 2128 1157 2218 Πυρρώνειοι
1188 2147 1288 2214 κροσ-

142 2238 408 2325 αγορενόμενοι)·
426 2234 653 2324 Ἀλκιβιάδην,
676 2236 923 2325 Κριτόβουλον,
941 2236 1157 2327 Ξενομήδην,
1177 2233 1287 2303 ’Λιιολ-
1335 2326 1338 2331 ¹

141 2344 295 2433 λόδωρον
316 2342 532 2431 Ἀθηναίους,
560 2350 606 2412 ἔτι
633 2343 669 2411 δὲ
694 2350 852 2431 Κρίτωνα
882 2346 936 2413 καὶ
961 2352 1119 2433 Σίμωνα,
1149 2342 1289 2432 Εύμάρη

145 2451 321 2537 Φλιάσιον,
342 2457 490 2539 Σιμμίαν
509 2457 671 2537 Θηβαῖον,
690 2458 866 2538 Τερψίωνα
888 2453 1093 2541 Μεγαρικόν,
1114 2451 1290 2539 [Ei'tqvov]⁹

143 2563 371 2646 Χαιρεφῶντα.
422 2559 476 2626 καὶ
505 2557 682 2646 Θεόδωρος
716 2559 753 2627 δὲ
785 2557 803 2627 δ
838 2562 1028 2647 ἐπικληθείς
1055 2560 1157 2640 ἄθεος
1184 2559 1329 2627 αύτοῦιο

146 2664 342 2753 διήκουσεν,
371 2663 577 2754 ἀδιαφορίαν
608 2666 644 2734 δὲ
674 2666 821 2749 δοξάζων
849 2669 904 2736 καὶ
929 2668 1137 2754 παραδιδούς
1159 2671 1289 2751 αἵρεσιν

143 2776 235 2840 ἰδίαν
260 2764 369 2861 εὗρεν,
392 2771 464 2861 ήτις
478 2772 683 2861 Θεοδώρειος
702 2773 837 2861 ἐκλήθη.
865 2781 968 2844 ταῦτα
986 2776 1062 2864 περὶ
1079 2775 1289 2861 Σωκράτους.

232 2882 417 2949 DCOLVII.
450 2879 667 2968 Σώπατρος
692 2878 855 2970 Ἀπαμεὺς
882 2881 1044 2970 σοφιστής
1070 2885 1125 2952 καὶ
1153 2883 1290 2970 φιλόσο-

54 3004 122 3053 οσι
144 3013 219 3074 φος,
238 2987 391 3076 μαθητής
407 2986 607 3076 Ἰαμβλίχου,
629 2985 669 3056 δν
690 2986 707 3057 δ
729 2996 861 3079 Καίσαρ
881 2998 1140 3073 Κωνσταντῖνος
1157 2989 1291 3059 άνεῖλεν

145 3099 192 3175 εἰς
215 3101 327 3163 κίστιν
349 3100 410 3164 τού
433 3093 478 3183 μή
503 3096 684 3182 ἑλληνίζειν
707 3102 754 3166 ἔτι
777 3096 816 3165 τδι
838 3097 921 3166 κατὰ
940 3105 1138 3186 θρησκείαν·
1162 3091 1205 3186 ήν
1224 3097 1288 3185 γάρ
1304 3125 1329 3164 25

145 3199 233 3292 αύτςό
273 3202 425 3289 συνήθης
456 3202 628 3290 πρότερον.
684 3209 807 3292 ἔγραψε
838 3207 913 3294 περὶ
945 3212 1105 3295 προνοίας
1136 3209 1191 3275 καί
1222 3209 1290 3275 τῶν

147 3307 236 3395 ταρδι
261 3306 323 3395 τήν
346 3306 444 3390 άξίαν
467 3307 727 3396 εύκραγούντων
749 3307 771 3399 ἢ
795 3313 1090 3400 δνσττραγούντων.

234 3415 437 3482 ΠΟΟΙΝΙΙΙ.
479 3416 699 3505 Σώπατρος
723 3416 883 3505 Ἀταμεύς
910 3419 1085 3507 σοφιστής,
1113 3417 1137 3510 ή
1163 3424 1290 3507 μᾶλλον

145 3521 387 3609 Ἀλεξανδρεύς.
425 3521 581 3610 ἰτιτομὰς
603 3530 775 3591 πλείστων.
817 3525 905 3605 τινὲς
928 3525 964 3593 δὲ
987 3527 1041 3594 καὶ
1064 3526 1126 3614 τήν
1149 3525 1291 3613 ἐκλογήν

146 3633 214 3696 τῶν
238 3632 395 3716 ἱστοριῶν
418 3629 543 3700 τούτου
565 3628 657 3698 εἰναί
675 3651 767 3717 φασι.
1302 3662 1329 3699 ss

233 3737 401 3805 DCCLIX.
443 3734 658 3825 Σάκατρος
685 3737 837 3825 κωμικός.
882 3746 950 3810 τῶν
981 3741 1160 3830 δραμάτων
1184 3739 1289 3810 αὐτοῦ

217 3904 230 3952 1
251 3917 280 3953 τε
301 3914 354 3954 om.
370 3903 393 3950 Δ
446 3904 463 3952 4
483 3899 681 3953 διδασκαλείου
700 3901 823 3969 praeferi
842 3901 978 3958 Weetem.
1035 3909 1050 3958 9
1066 3906 1212 3957 Λυσανίαν
1225 3901 1290 3956 libri

145 3994 213 4031 corr.
229 3977 411 4033 Ηυιιείιτλιαε.
486 3984 519 4032 18
539 3973 657 4048 Εύμαρή
672 3981 743 4050 ναῖς.
764 3999 833 4036 corr.
848 3982 950 4038 Βτικίι.
1026 3989 1057 4037 19
1078 3981 1259 4037 Φιλιάσιονῗ

146 4053 261 4126 Εὔηνον
280 4075 334 4114 om.
354 4064 431 4112 nv
451 4059 505 4113 del.
520 4059 686 4129 Bernhardy

216 4138 362 4194 DCCLVII
378 4157 431 4195 om.
443 4138 580 4193 Πασίωνι.
595 4138 670 4194 Eue.
679 4158 705 4209 p.
714 4145 774 4195 641.
790 4139 830 4195 cf.
841 4140 948 4212 Eunap.
959 4143 1046 4213 lp.2l
1054 4161 1109 4212 seq.
1121 4141 1251 4198 Valesius
1261 4139 1290 4193 in

145 4219 254 4275 Sozom.
267 4220 338 4274 Hieta
352 4220 419 4275 eccl.
431 4218 450 4288 1,
462 4224 478 4273 5
524 4225 559 4272 24
568 4215 630 4281 υίός
639 4237 689 4288 pto
699 4225 800 4292 pass
843 4228 877 4277 26
887 4219 921 4277 τὰ
933 4225 996 4279 add.
1006 4229 1056 4279 AV
1067 4242 1120 4280 om.
1131 4225 1202 4292 υαῑμ.
1213 4223 1289 4275 Eud.

216 4298 375 4356 DCCLVHI
394 4299 470 4355 Ειιά,
489 4301 508 4354 l.
527 4316 549 4355 ο.
623 4305 657 4353 28
677 4293 693 4369 ἢ
714 4334 746 4342 -
764 4297 843 4370 Ἀλεξ.
863 4322 916 4360 om.
933 4306 1008 4360 Εαδ.
1080 4311 1113 4359 29
1134 4299 1289 4374 ἒκλογήνῗ

146 4396 214 4435 corr.
231 4381 368 4435 Καείετιιε
382 4376 512 4451 ίκλοηίαν
528 4381 601 4450 vulg).
616 4381 693 4436 Eud.
707 4377 841 4453 ἔκλογιῶν
856 4388 877 4438 B
892 4402 965 4440 man.
981 4385 1001 4439 l.
1024 4383 1152 4438 Ceterum
1168 4385 1202 4438 de
1217 4384 1289 4438 eelo-

144 4461 188 4530 gis
206 4461 266 4530 egi,
286 4479 356 4531 quae
376 4459 548 4530 decerpserit
566 4460 681 4517 Photius
700 4461 767 4516 bibl.
788 4482 814 4533 p.
832 4471 881 4519 103
897 4484 964 4534 seq.‚
983 4464 1055 4518 vidie
1072 4464 1209 4519 Καοίιναε

216 4540 349 4595 DCCLIX
367 4541 442 4597 Eud.
461 4560 489 4611 p.
505 4548 565 4596 646.
602 4539 643 4595 De
664 4541 723 4598 vite
741 4542 802 4612 egit
820 4543 916 4613 Deub,
933 4546 968 4599 de
987 4544 1063 4600 Suid.
1083 4563 1110 4615 p.
1126 4550 1178 4600 484
