3036 5114
196 323 260 388 182
654 323 868 382 HESYCHIUS.

285 484 350 571 [ότι
372 483 410 554 τὸ
430 490 564 572 βιβλίον
585 492 780 573 Προκοπίου
798 484 836 555 τό
858 486 1067 575 καλούμενον
1082 483 1257 555 Ἀνέκδοτα
1277 484 1343 568 υό-

192 623 275 683 γους
302 596 357 662 καὶ
383 598 562 684 κωμῳδίαν
582 591 824 664 Ἰουστινιανού
854 598 1017 682 βασιλέως
1038 597 1178 683 περιέχει
1201 595 1257 663 καί
1281 597 1345 682 τῆς

194 701 300 771 αὐτοῦ
323 698 483 788 γυναικὸς
506 701 697 788 Θεοδώρας,
726 700 811 771 ἀλλὰ
839 699 906 790 μὴν
928 703 984 770 καὶ
1007 699 1113 771 αὐτοῦ
1137 707 1342 789 Βελισαρίου

193 810 325 896 καὶτῆς
347 812 489 896 γαμετῆς
512 804 639 894 αύτού]
716 850 720 855 -

166 934 179 974 ⁵
281 918 501 985 DCLXXVII.
529 917 798 1004 Πρωταγόρας
818 914 1022 1004 Ἀβδηρίτης,
1047 916 1120 998 υίὸς
1135 916 1342 1005 Ἀρτέμωνος

192 1022 212 1113 ή
249 1025 304 1092 καὶ
337 1027 568 1107 Μαιανδρίου·
611 1024 698 1105 τινὲς
736 1024 773 1092 δὲ
805 1021 909 1093 αὐτὸν
946 1026 1001 1092 καὶ
1038 1028 1142 1112 Τήιον
1178 1028 1344 1112 ἔγραφανὶ

121 1166 144 1203 ι’
193 1126 291 1214 οὗτος
317 1132 481 1220 πρότερον
504 1126 548 1219 ήν
571 1133 876 1228 φορτοβαστάκτης,
904 1130 1053 1220 ἐντυχών
1075 1133 1113 1201 δὲ
1137 1138 1341 1225 Δημοκρίτῳ
1363 1176 1427 1219 es».

193 1240 328 1329 ἠράσθη
353 1239 474 1326 λόγων,
497 1241 552 1308 καὶ
575 1239 808 1328 φιλοσοφήσας
830 1241 882 1308 ἐπὶ
906 1242 1082 1327 ῥητορείαν
1106 1240 1238 1328 ἐτράπη.
1283 1243 1341 1310 καὶ

194 1349 360 1437 ἐπεκλήθη
385 1352 515 1438 πρώτος
534 1342 632 1440 οὗτος
651 1347 820 1440 σοφιστής.
856 1352 985 1433 πρώτος
1004 1349 1041 1417 δέ
1061 1341 1158 1429 οὗτος
1175 1348 1254 1429 τοὺς
1272 1352 1340 1436 ἐρι-

154 1477 179 1516 10
194 1454 326 1536 στικοδς
351 1456 472 1542 λόγους
495 1446 571 1544 εὗρε
593 1457 648 1524 καὶ
674 1454 788 1542 άγώνα
812 1454 922 1542 λόγων
943 1455 1119 1543 ἐποιήσατο
1137 1459 1193 1525 καὶ
1211 1455 1342 1545 μισθόν

194 1565 311 1649 ἔπραξε
334 1560 412 1642 τοὺς
435 1562 586 1648 μαθητάς
608 1568 692 1648 μνᾶς
711 1563 758 1647 ρ’·
784 1561 836 1631 διὸ
857 1564 911 1630 καὶ
931 1562 1096 1651 ἐπεκλήθη
1117 1563 1340 1654 Δόγοςέμμι-

194 1680 286 1761 σθος.
334 1667 536 1748 διδάσκαλος
569 1668 606 1737 δὲ
638 1671 755 1755 γε’γονε
782 1669 837 1737 καὶ
867 1672 928 1738 τού
957 1669 1098 1757 ῥήτορος
1123 1667 1341 1758 Ἰσοκράτους.

193 1778 311 1864 [διεῖλέ
322 1803 357 1844 τε
371 1774 480 1844 πάντα
494 1774 597 1873 λόγον
611 1781 741 1860 πρώτος
756 1768 854 1857 οὗτος
868 1782 914 1856 είς
929 1776 975 1862 δ’,
990 1775 1151 1865 εὐχωλήν,
1165 1778 1341 1866 ἐρώτησιν,

192 1883 382 1973 ἀπόκρισιν,
402 1883 556 1972 ἐντολήν·
575 1883 655 1972 μετά
671 1885 708 1954 δὲ
722 1888 843 1953 τούτου
858 1886 963 1971 ἕτεροι
979 1888 1025 1965 είς
1040 1885 1067 1966 ζ’
1083 1889 1209 1954 διεῖλον
1222 1889 1340 1972 ταῦτα,

108 2013 177 2054 ιιιο
191 1992 366 2080 διήγησιν,
393 1993 569 2081 ἐρώτησιν,
594 1989 787 2078 άπόκρισιν,
811 1990 966 2078 ἐντολήν,
990 1996 1215 2079 εἰσαγγελίαν,
1238 1991 1340 2080 εύχω·

191 2100 267 2187 λήν,
286 2105 414 2187 κλήσιν.
440 2098 637 2187 Ἀλκιδάμας
655 2099 693 2169 δέ
709 2104 728 2166 δ
734 2099 742 2122 ’
758 2097 848 2168 εἶναί
859 2120 963 2186 φησιν
979 2101 1069 2180 ίδεάς
1082 2099 1205 2187 λόγων,
1223 2098 1341 2186 φάσιν,

192 2206 375 2294 ἀπόφασιν,
394 2207 567 2295 ἐρώτησιν,
588 2207 878 2296 προσαγόρευσιν]
911 2210 972 2275 τοῦ
990 2206 1027 2274 δὲ
1046 2206 1277 2294 Πρωταγόρου
1298 2204 1341 2273 τὰ

82 2312 85 2320 ’
191 2320 304 2402 βιβλία
328 2312 393 2382 ὑπὸ
415 2313 605 2401 Ἀθηναίων
625 2314 769 2400 ἐκαύθη,
796 2313 883 2383 διότι
904 2313 1007 2401 λόγον
1026 2314 1104 2382 ποτέ
1124 2312 1214 2382 εἶπεν
1234 2311 1342 2395 οὕτως

192 2420 376 2509 ἀρξάμενος
394 2422 485 2509 ςπερὶ
504 2424 597 2490 θεῶν
615 2418 677 2490 ούκ
696 2427 759 2510 ἐγω
778 2422 916 2508 εἰδέναι,
936 2419 1012 2489 οὔτε
1031 2418 1076 2502 ώς
1095 2422 1180 2490 είσὶν
1200 2419 1277 2489 ούτε
1293 2418 1342 2501 ώς

152 2552 178 2590 20
193 2525 255 2597 ούκ
283 2531 371 2597 είσί’.
417 2529 472 2598 καὶ
502 2528 724 2618 πρεσβύτερός
752 2531 820 2598 ε’στι
844 2527 1027 2608 Πλάτωνος
1054 2532 1115 2597 τοῦ
1138 2526 1342 2616 φιλοσόφου.
1358 2555 1426 2594 οισι

193 2635 409 2722 [διδάσκαλος
434 2638 471 2707 δὲ
496 2642 671 2724 Προδίκου
693 2640 754 2706 τοῦ
779 2642 884 2705 Κείου
906 2637 961 2704 καλ
985 2634 1097 2704 ἄλλων
1119 2639 1276 2720 πολλῶν]

192 2826 369 2897 diligentiam
388 2825 507 2881 studiosi
526 2825 647 2881 hominis
664 2826 782 2896 prodere
800 2824 968 2880 videbantur
983 2824 1173 2895 Βωκλοκδγο.
1209 2821 1340 2878 Ceterum

193 2909 285 2980 βιβλία
299 2903 330 2976 η’
346 2911 411 2976 post
427 2904 552 2978 ίστορίαν
567 2902 724 2976 Ῥωμαικὴν
739 2904 807 2959 olim
821 2905 850 2959 in
864 2905 944 2959 libris
958 2904 1044 2960 fuisse
1059 2906 1153 2959 censet
1167 2903 1342 2959 Gutsclsmid.

194 2996 207 3042 1
228 2990 387 3056 Sequuntur
407 2991 538 3056 excerpta
553 2985 663 3053 sudas,
683 2985 718 3039 de
735 2985 836 3054 quibus
854 2986 912 3041 dixi
926 2985 1098 3046 Mus..Rhen.
1116 2985 1134 3039 1.
1150 3003 1173 3039 ο.
1188 3003 1216 3055 p.
1231 2989 1280 3039 221

192 3065 353 3122 Ἀνέκδοτον
367 3072 417 3119 AV

264 3147 438 3201 ucuxxvu
453 3148 529 3201 κισ.
540 3166 567 3217 p.
577 3153 637 3201 τοι.
649 3145 689 3201 οι,
701 3146 860 3201 Philositi.
868 3147 924 3202 vu.
935 3149 956 3213 1,
964 3153 1005 3214 ιο,
1017 3139 1342 3217 &dissuasurus

192 3232 222 3283 et
233 3227 323 3294 Τέωςς
338 3228 419 3297 Diog.
430 3227 478 3296 IX,
488 3235 522 3281 60
534 3244 590 3296 seq.
606 3227 741 3281 Tractant
754 3228 840 3297 Bluss‚
856 3227 915 3282 Att.
927 3228 986 3282 Ber.
999 3227 1047 3297 lp.
1059 3233 1092 3281 23
1107 3228 1137 3281 et
1147 3226 1254 3295 Rohde‚
1268 3225 1340 3282 Mus.

191 3309 280 3363 Rheu.
291 3308 408 3363 XXXIV
419 3328 446 3379 p.
457 3314 522 3376 5693
538 3307 708 3378 Hesychium
719 3307 866 3375 descripsit
880 3309 965 3362 etiam
977 3307 1062 3361 schol.
1073 3304 1181 3361 Platon.
1188 3305 1227 3359 VI
1236 3324 1263 3376 p.
1275 3313 1324 3361 361
1335 3329 1341 3361 :

191 3388 383 3459 Πρωταγόρας
401 3397 577 3461 Αρτεμωνος,
596 3389 758 3458 Αβδηρίτης.
788 3378 872 3450 οὗτος
885 3382 1131 3459 φορτοβασιάκτης
1145 3378 1193 3456 ήν,
1213 3381 1340 3455 ἐντυχώρ

192 3470 224 3525 δὲ
235 3473 401 3543 Δημοκρίτῳ
417 3468 607 3541 ἐφιλοσόφησε
623 3469 672 3524 καὶ
687 3465 734 3526 ἐπὶ
747 3465 896 3537 βητορείσν
912 3467 973 3538 ἔσχε
987 3467 1035 3522 καὶ
1045 3468 1153 3536 πρῶτος
1167 3463 1267 3534 λόγους
1282 3462 1339 3534 ἐρι-

192 3548 305 3615 στικοός
319 3544 384 3621 sius
401 3552 448 3607 καλ
464 3549 569 3623 μισθόν
585 3551 687 3621 ἔπραξε
701 3546 768 3614 τούς
782 3545 914 3619 μαθητάς
929 3549 1000 3618 μνᾶς
1014 3545 1050 3616 ρ’.
1066 3543 1111 3602 διὸ
1127 3546 1176 3601 καὶ
1191 3542 1338 3616 ἐπεκλήθη

193 3630 281 3701 λόγος.
298 3630 401 3688 τούτου
416 3631 547 3703 μαθητής
559 3629 717 3703 Ἰσοκράτης
731 3628 745 3686 ὁ
761 3626 852 3701 ρ’ήτωρ
866 3628 915 3682 καὶ
925 3626 1067 3697 Πρόδικος
1081 3624 1096 3683 ὁ
1111 3632 1204 3690 Κεῖος.
1223 3623 1337 3699 ἐκαύθη

192 3710 273 3766 δὲτὰ
289 3711 390 3767 τούτου
406 3717 498 3784 βιβλία
516 3711 567 3769 ὑπ’
579 3710 742 3783 Ἀθηναίων.
762 3709 823 3766 εἷκε
839 3706 905 3779 γάρ·
920 3709 985 3778 περὶ
998 3710 1077 3764 θεῶν
1092 3703 1144 3763 ούκ
1162 3706 1214 3777 ἔχω
1228 3705 1338 3764 είδέναι

193 3787 257 3846 υύτε
278 3788 315 3854 ὡς
333 3792 404 3846 scats
424 3789 488 3847 οὔτε
508 3789 546 3854 ὡς
565 3789 617 3847 ούκ
637 3793 716 3848 είσίν.
755 3791 860 3860 ἔγραψε
881 3788 912 3844 δὲ
934 3789 973 3852 είς
992 3785 1081 3843 αύτὸν
1101 3785 1116 3842 ὁ
1136 3785 1255 3842 Πλάτων
1274 3784 1337 3843 διά-

192 3876 283 3941 λογον.
316 3872 450 3934 πλέοντος
478 3871 510 3927 δὲ
539 3868 628 3926 αύτοῦ
657 3871 697 3933 είς
720 3873 855 3925 Σικελίαν
884 3866 1045 3938 ἐτελεύτησε
1073 3866 1236 3937 ναυαγήσας
1266 3865 1337 3923 ἐτών

194 3947 375 4021 ἐνενήκοντα,
395 3949 583 4023 σοφιστεύσας
603 3951 651 4020 ἔτη
668 3949 886 4019 τεσσαράκοντα.
916 3950 1103 4005 Scholiastam
1122 3950 1253 4017 exparte
1271 3950 1337 4005 ube·

193 4033 294 4103 riorum
313 4050 372 4087 esse
391 4038 479 4102 petet,
498 4034 593 4103 itaque
612 4033 717 4088 erravit
733 4032 826 4098 Dant,
846 4033 880 4086 de
900 4032 971 4087 Viol.
991 4050 1018 4100 p.
1034 4035 1068 4084 24
1123 4037 1139 4084 5
1158 4031 1337 4099 Δημοκρίτου

191 4109 312 4184 ητοἈρτ.
323 4112 432 4168 Δολίου.
445 4116 476 4168 V.
490 4116 523 4167 H.
535 4117 559 4184 Ι,
573 4123 606 4170 23
678 4120 694 4168 6
715 4112 895 4180 Μαιανδρίου
911 4114 993 4182 (υκίγ.
1008 4111 1094 4178 Eud.)
1110 4110 1156 4163 vel
1167 4106 1337 4177 Μαιάνδρου

192 4195 258 4250 libri
272 4195 354 4265 Dios.
375 4190 457 4262 ήκοιὶ
476 4199 675 4264 Μαιανδρίδου
693 4195 761 4249 Par.
773 4193 855 4248 Kust.
871 4188 1040 4258 Μαιάνδρου
1059 4189 1189 4244 Ρίιίίυσλν.
1210 4183 1337 4256 ήΝεαν·

193 4278 291 4346 δρίδου
310 4276 406 4330 addv
420 4268 437 4342 ἢ
453 4276 617 4343 Νεανδριόυ
634 4282 708 4329 ΔΒΕ
774 4282 788 4329 7
808 4266 890 4336 οὗτος
907 4306 936 4312 -
953 4267 1099 4340 σοφιστής,
1118 4268 1167 4322 καί
1181 4266 1286 4338 μισθὸν
1304 4303 1337 4311 -

191 4351 365 4424 Ἰσοκράτους
380 4357 486 4425 etpost
500 4351 616 4422 ἐντολήν
631 4355 725 4410 omnis
739 4373 792 4410 om.
808 4356 884 4409 Eud.
942 4359 973 4407 13
988 4367 1058 4421 quae
1073 4349 1174 4403 seclusi
1189 4366 1243 4404 om.
1256 4352 1336 4405 schol.

124 4436 127 4441 ’
195 4437 320 4505 Pluton„
339 4436 480 4506 descripta
499 4454 532 4491 ex
550 4436 630 4507 Diog.
647 4435 685 4488 IX
699 4442 742 4503 ,54
761 4436 806 4489 vel
825 4435 904 4489 illata
923 4452 956 4488 ex
972 4431 1073 4487 Suidae
1088 4432 1181 4500 glossa
1203 4427 1337 4499 πυθμήνς

193 4515 287 4572 πάντα
306 4521 330 4571 λ.
349 4538 395 4586 πρ.
415 4509 537 4580 οὖτοςΔ
624 4522 657 4573 20
677 4516 732 4569 είτε
754 4547 786 4554 -
807 4518 862 4573 sits
882 4519 902 4569 B
976 4520 1008 4570 21
1031 4509 1199 4575 διδάσκαλος
1218 4540 1250 4550 -
1271 4511 1336 4568 exit.
