3036 5114
638 327 850 385 HXSYOHIUS.
1253 327 1317 394 103

170 487 378 570 ἀκούσαντος
405 490 445 558 δέ
469 515 561 571 τινος
587 493 643 560 καὶ
671 488 906 572 ἐπεξελθόντος
933 493 979 581 τῷ
1008 490 1186 580 εἰρημένῳ,
1215 487 1255 558 τό
1282 516 1318 558 τε

170 596 311 684 γεγονὸς
328 594 532 685 ὡμολογήθη
550 599 606 666 καὶ
626 602 720 678 δίκας
739 602 868 665 ἔδωκαν
888 599 924 664 οί
935 601 1063 684 λῃσταί,
1083 593 1128 675 ὦς
1142 597 1177 663 ἐκ
1194 595 1317 665 τούτου

171 706 226 773 καὶ
249 710 433 792 παροιμίαν
456 707 615 792 γενέσθαι
639 707 692 772 ‘at'
710 701 844 790 Ἰβύκου
867 704 1037 790 γέρανοι’.]

259 814 519 882 CCCLXXXIH.
547 809 576 879 Ἰ
582 815 603 878 δ
615 824 662 878 αῖ
669 837 714 891 ος
732 807 872 895 Ῥόδιος,
896 808 970 889 υίὸς
989 813 1130 896 Λισσοῦ,
1150 810 1315 890 ἐποποιός.

170 919 419 1014 παρεμβαλὼν-
432 924 545 1013 στίχον
582 924 681 1010 στίχφ
719 920 888 1012 ἐδίπλωσε-
905 915 968 1010 τὴν
998 923 1135 1012 ποίησιν
1162 915 1344 1014 Ὁ-μηρουὲε
1418 944 1448 983 ιν

167 1025 324 1111 Ῥοδιακά
348 1031 395 1106 είς
414 1032 474 1113 ἔπη
498 1055 540 1117 γ.
587 1031 710 1113 ἔγραφε
732 1024 787 1092 καὶ
811 1023 904 1092 ἀλλα.

240 1135 518 1204 ,ΟΟΟΙιΧΧΧΝ
549 1128 772 1218 Ἰδομενεὺς
791 1128 966 1219 ἱστορικός.
999 1135 1144 1218 ἔγραψεν
1163 1135 1315 1217 ἱστορίαν
1434 1180 1485 1225 .·'·

170 1246 236 1311 τῶν
260 1239 343 1310 κατὰ
366 1238 607 1331 Σαμοθρᾴκην.

260 1350 500 1418 CCCLXXXV.
519 1345 721 1437 Ἱεροκλῆς
734 1346 923 1434 φιλόσοφος
939 1344 1181 1435 Ἀλεξανδρεύς.
1204 1339 1316 1431 [οὗτος

171 1455 251 1543 μετά
270 1461 331 1526 τοῦ
351 1454 513 1544 ἀτρέπτου
531 1457 587 1524 καὶ
605 1458 876 1543 μεγαλοπρεποῦς
893 1453 1014 1542 εὔρους
1032 1481 1066 1522 τε
1080 1454 1143 1541 τὴν
1159 1454 1314 1524 διάνοιαν
1330 1481 1356 1520 10

168 1567 215 1643 είς
254 1560 443 1650 ὑπερβολὴν
480 1564 533 1631 καὶ
569 1564 739 1650 διαφέρων
773 1560 952 1652 εῦγλωττίηι
984 1562 1040 1629 καὶ
1072 1560 1214 1652 εῦπορίᾳ
1246 1567 1314 1632 τῶν

167 1676 353 1740 καλλίστων
377 1667 554 1758 ὀνομάτων
572 1672 628 1740 καὶ
651 1673 809 1759 ῥημάτων
831 1670 1028 1757 κατέπληττε
1046 1675 1217 1758 πανταχοῦ
1235 1671 1315 1752 τοῦς

167 1776 414 1866 ἀκροωμένους.
463 1768 507 1864 ἦν
539 1777 577 1846 δὲ
608 1774 698 1871 αὐτῷ
732 1778 787 1845 καὶ
815 1775 966 1865 μαθητὴς
993 1780 1185 1864 Θεοσέβιος,
1218 1775 1314 1867 ἀνήρ,

168 1894 258 1972 είπερ
286 1912 336 1966 τις
360 1887 470 1973 ἕτερος
493 1875 541 1953 ὧν
563 1882 657 1973 ἡμεῖς
681 1894 793 1972 ἴσμεν,
824 1883 953 1965 είωθιὸς
976 1883 1176 1971 ἀποβλέπειν
1200 1887 1234 1965 ές
1257 1883 1315 1965 τάς

166 1996 233 2060 τῶν
262 1989 455 2080 ἀνθρώπων
480 1991 595 2079 ψυχάς.
641 1998 730 2080 ἔλεγε
754 1991 791 2060 δὲ
815 1989 833 2060 ὁ
859 1989 960 2071 αὐτὸς
982 1994 1158 2079 Θεοσέβιος
1182 1991 1314 2078 ἐξηγοῦ·
1330 2018 1355 2058 ιι

167 2126 269 2188 μενον
299 2101 404 2186 φάναι
434 2099 513 2167 ποτὲ
540 2098 602 2168 τὸν
620 2097 800 2185 Ἱεροκλέα,
828 2097 944 2184 κύβοις
967 2100 1111 2167 ἐοικέναι
1135 2099 1214 2180 τοὺς
1239 2107 1313 2167 Σω-
1344 2157 1347 2163 ,

166 2206 309 2295 κράτους
328 2205 461 2293 λόγους·
480 2205 631 2288 ἀπτῶτας
649 2207 711 2294 γάρ
732 2203 819 2274 εἶναι
840 2210 1022 2294 πανταχοῦ,
1042 2204 1108 2297 όπη
1122 2204 1166 2275 ἀν
1180 2208 1313 2276 πέσωσι.

165 2318 226 2382 τοῦ
255 2313 292 2382 δὲ
309 2311 514 2400 Ἱεροκλέους
541 2312 579 2383 τὸ
608 2312 767 2399 ἀνδρείου
794 2313 849 2381 καὶ
877 2312 1115 2402 μεγαλόθυμον
1144 2306 1231 2401 ἦθος
1255 2311 1313 2382 ἀπ-

165 2422 290 2502 έδειξεν
317 2418 338 2508 ἡ
366 2425 520 2506 συμβᾶσα
543 2420 625 2508 τάχη
649 2421 724 2507 περὶ
748 2417 861 2488 αὐτόν.
907 2425 953 2501 είς
976 2419 1040 2508 γάρ
1064 2420 1101 2490 τὸ
1127 2420 1312 2504 Βυζάντιον

166 2523 323 2596 ἀνελθών
360 2529 584 2615 προσέκρουσε
616 2542 687 2607 τοῖς
716 2531 891 2613 κρατοῦσι,
928 2529 983 2595 καλ
1016 2532 1063 2608 είς
1097 2530 1313 2617 δικαστήριον
1327 2557 1353 2596 ιο

165 2631 281 2721 ἀχθεὶς
309 2634 462 2703 ἐτύπτετο
489 2633 547 2715 τδις
575 2638 607 2716 ἐξ
636 2633 828 2722 ἀνθρώπων
858 2635 997 2722 πληγάς·
1026 2634 1185 2723 ῥεόμενος
1209 2637 1245 2705 δὲ
1268 2623 1313 2726 τῷ

166 2745 295 2828 αἵματι,
318 2739 428 2828 βάψας
450 2748 568 2829 κοίλην
590 2740 652 2829 τὴν
674 2755 779 2830 χείρα,
803 2748 999 2831 προσραίνει
1021 2742 1081 2812 τὸν
1105 2742 1222 2830 κριτὴν
1245 2741 1313 2831 ἅμα

164 2849 271 2935 λέγων
296 2852 477 2935 Ἥῦκλωφ,
505 2855 562 2938 τῆ,
585 2856 638 2917 πίε
663 2848 774 2934 οἶνον,
798 2850 867 2918 ἐπεὶ
891 2849 995 2936 φάγες
1018 2848 1188 2938 ἀνδρόμεα
1211 2853 1313 2939 κρέα’.

164 2954 278 3043 φυγὴν
315 2956 351 3024 δὲ
385 2957 611 3042 κατακριθεὶς
629 2958 684 3024 καὶ
717 2955 914 3025 ἐπανελθὼν
946 2957 1057 3049 χρόνφ
1091 2955 1233 3044 ὕστερον
1265 2963 1312 3040 είς

161 3061 413 3152 Ἀλεξάνδρειαν
442 3063 703 3152 συνεφιλοσόφει
731 3063 772 3132 τὰ
801 3063 946 3132 εἰωθότα
969 3079 1038 3146 τοῖς
1060 3064 1310 3150 πλησιάζουσιν.
1326 3091 1351 3132 ιι

164 3175 268 3253 ἔξεστι
296 3171 334 3240 δὲ
361 3181 486 3260 μαθεῖν
513 3169 575 3257 τὴν
599 3168 801 3255 Ἱεροκλέους
828 3171 1113 3259 μεγαλογνῶμονα
1142 3171 1310 3260 φρόνησιν

165 3276 230 3346 ἀπὸ
253 3284 320 3348 τῶν
344 3278 612 3366 συγγραμμάτων
637 3269 685 3347 ὧν
708 3278 876 3365 γέγραφεν
899 3284 945 3359 είς
968 3278 1008 3346 τὰ
1031 3284 1137 3366 χρυσᾶ
1162 3285 1221 3366 ἔπη
1243 3284 1312 3349 τῶν

165 3393 428 3473 Πυθαγορείων,
460 3387 515 3455 καὶ
551 3387 673 3474 ἑτέρων
703 3391 845 3471 βιβλίων
873 3386 948 3472 περὶ
975 3392 1137 3473 προνοίας
1164 3392 1310 3476 συχνῶν,

165 3496 202 3561 ἐν
230 3487 280 3574 οἷς
308 3500 462 3580 φαίνεται
491 3491 508 3561 ό
537 3490 623 3580 ἀνὴρ
652 3491 714 3579 τὴν
737 3492 798 3580 μὲν
823 3490 909 3580 ζωὴν
932 3490 1158 3582 ὑψηλόφρων,
1186 3495 1249 3582 τὴν
1273 3495 1310 3563 δὲ

167 3604 294 3686 γνοῦσιν
319 3599 380 3669 οῦκ
404 3599 564 3689 ἀκριβής]

236 3771 443 3827 CCCLXXXIII
463 3772 538 3828 Εαιλ.
558 3790 585 3841 p.
605 3777 666 3825 403.
703 3769 742 3825 cf.
764 3771 891 3837 Diintzer‚
912 3769 962 3839 Ep.
982 3771 1014 3826 fr.
1035 3771 1105 3840 11p.
1127 3777 1176 3825 113
1243 3779 1258 3826 4
1279 3766 1310 3835 ὃς

163 3853 230 3920 post
253 3849 386 3915 ἐποποιός
410 3852 476 3906 addi
500 3853 561 3906 vult
579 3853 745 3921 Bernhardy
825 3846 955 3906 θῬόδια
977 3852 1050 3921 υαίρ.
1071 3849 1202 3906 Ῥοδιακά
1222 3854 1310 3907 Bern-

163 3932 253 4001 hardy
272 3933 318 3986 cui
335 3933 394 3988 iure
409 3933 559 4003 displicent
578 3930 684 4000 ἔγραφε
699 3931 747 3985 καλ
762 3927 832 3986 ἄλλα
851 3934 916 3986 ante
931 3927 1026 3986 Ῥόδια
1045 3932 1195 4000 εοΙΙοοο1ε;
1215 3934 1309 4002 itaque

164 4012 201 4066 ad
220 4013 303 4066 finem
322 4014 397 4068 vitae
415 4013 514 4079 reieci,
534 4010 640 4081 ἔγραφε
660 4011 709 4065 καὶ
725 4003 808 4066 Ἀθλιι
824 4007 917 4065 Ῥόδιοι
937 4012 1097 4066 θαλεοίιωίιί

239 4091 444 4149 ΟΟΟΙιΧΧΧΝ
463 4093 557 4149 Alium
577 4110 635 4147 esse
656 4093 833 4148 Idomeneum
854 4091 1021 4160 Spartanum
1040 4092 1116 4162 apud
1135 4092 1215 4162 Diog.
1235 4093 1273 4159 X,
1292 4097 1307 4145 3

163 4175 193 4227 et
212 4179 245 4227 10
264 4176 294 4228 et
308 4173 434 4228 Strabon.
450 4174 514 4227 XIII
533 4191 559 4242 p.
576 4178 627 4227 589
646 4174 758 4242 putavit
771 4173 928 4239 Ιίιίκιοίιιε,
948 4172 1017 4226 mire
1036 4173 1143 4242 lapsus:
1163 4189 1226 4226 nam
1248 4173 1308 4241 ipse

162 4252 211 4306 ille
230 4252 433 4322 Lampsacenus
452 4257 509 4323 est,
528 4254 563 4307 de
580 4270 634 4322 quo
649 4252 720 4306 dixit
734 4254 834 4307 Mtiller
848 4253 873 4305 11
888 4270 914 4321 p.
925 4258 978 4307 490
1042 4260 1058 4308 8
1073 4253 1128 4307 ιιῦν
1148 4270 1216 4307 corr.
1233 4252 1307 4306 Clin-

162 4333 362 4399 ton,fast.111
381 4353 408 4403 p.
424 4340 487 4399 488,
508 4334 620 4388 Lobeok
638 4332 777 4402 Aglaoph.
797 4353 824 4403 p.
846 4338 914 4387 1266
950 4329 1001 4401 τὴν
1020 4334 1094 4401 vulg.

235 4411 428 4468 CCCLXXXV
456 4421 471 4468 3
495 4405 578 4475 οὗτος
597 4444 629 4452 -
650 4415 714 4469 exit.
735 4416 839 4468 Suidas
861 4411 1011 4481 adscripsit
1032 4429 1066 4466 ex
1085 4411 1211 4466 Damaso.
1232 4413 1307 4482 apud

164 4492 246 4581 lJXot.
264 4511 292 4564 p.
311 4494 387 4548 338b
410 4493 543 4564 Hesychii
566 4494 625 4549 vita
647 4493 785 4563 neglecta.
828 4492 868 4550 cf.
887 4493 956 4549 Mus.
976 4493 1063 4548 Rhen.
1084 4490 1185 4546 XXXV
1208 4511 1235 4562 p.
1254 4497 1306 4546 313
