3036 5114
634 318 847 374 HESYClllus.
1125 306 1132 317 ’
1268 312 1309 380 27

168 485 274 568 σικού,
293 480 358 550 ἀπὸ
382 482 550 567 Τάραντος
567 486 626 566 τῆς
642 480 791 561 Ἰταλίας.
820 484 996 565 διατρίψας
1015 479 1052 547 δὲ
1071 482 1108 547 ἐν
1126 484 1314 568 Μαντινείᾳ

168 589 356 677 φιλόσοφος
370 591 496 676 γέγονε,
510 590 565 657 καλ
580 592 929 679 μουσικήέπιθέμενος
941 586 1001 657 οὐκ
1011 585 1206 675 ήστόχησεν,
1217 584 1314 653 ἀκου-

168 696 247 790 στὴς
260 701 322 765 τοῦ
335 723 368 764 τε
384 694 508 782 πατρὸς
520 697 576 764 κοιλ
588 696 751 785 Λάμπρου
761 701 822 764 τοῦ
831 694 1037 785 Ἐρυθραίου
1046 693 1116 764 εἶτα
1125 698 1316 781 Ξενοφίλου

168 810 229 874 τοῦ
248 794 489 891 Πυθαγορείου
508 804 563 871 καὶ
582 806 675 884 τέλος
690 803 950 889 Ἀριστοτέλους,
971 807 1019 882 είς
1037 799 1079 871 ὃν
1097 801 1315 870 ἀποθανόντα

168 910 296 999 ὕβρισε,
311 910 398 980 διότι
412 911 564 978 κατέλιπε
578 915 636 996 τῆς
650 915 771 998 σχολῆς
786 908 947 997 διάδοχον
962 909 1193 996 Θεάφραστον,
1208 909 1314 979 αὐτοῦ
1329 930 1341 968 ⁵

169 1020 272 1101 δόξαν
297 1017 450 1106 μεγάλην
471 1020 509 1086 έν
531 1033 601 1097 τοῖς
621 1017 799 1106 ἀκροαταῖς
819 1033 890 1097 τοῖς
909 1015 1156 1105 Ἀριστοτέλους
1181 1024 1317 1107 ἔχοντος

168 1128 285 1214 γέγονε
305 1125 342 1195 δὲ
363 1126 415 1194 έπὶ
436 1132 504 1193 τῶν
521 1124 742 1211 Ἀλεξάνδρου
759 1128 814 1193 καὶ
833 1130 901 1193 τῶν
919 1127 1089 1212 μετέπειτα
1108 1125 1253 1213 χρόνων,
1272 1123 1316 1204 ὡς

169 1233 254 1302 εἶναι
274 1231 339 1301 ἀπδ
360 1236 418 1319 τής
432 1230 502 1318 ρια’
517 1230 735 1319 ὀλυμπιάδος,
754 1233 939 1320 σόγχρονος
955 1233 1149 1324 Λικαιάρχφ
1163 1238 1208 1325 τῷ
1226 1240 1315 1301 Μεσ-

169 1348 283 1432 σηνίῳ.
323 1340 524 1434 συνετάξατο
547 1339 585 1408 δὲ
605 1341 746 1427 μουσικά
768 1368 802 1409 τε
825 1341 880 1408 καὶ
902 1340 1074 1427 φιλόσοφα
1094 1341 1149 1408 καὶ
1169 1345 1316 1425 ίστορίας

168 1451 223 1517 καὶ
246 1448 370 1528 παντὸς
387 1452 501 1528 εἴδους
519 1451 681 1533 παιδείας,
699 1449 754 1516 καὶ
773 1446 998 1536 ἀριθμοῦνται
1018 1444 1123 1516 αὐτοῦ
1139 1446 1178 1516 τά
1203 1453 1315 1533 βιβλία
1333 1456 1381 1504 10‘

171 1562 217 1637 είς
240 1556 328 1642 ννγ’.

261 1657 312 1723 CI.
342 1652 612 1742 Ἀριστοτέλης
634 1651 708 1733 υίὸς
728 1654 924 1743 Νικομάχου
947 1656 1002 1722 καὶ
1024 1659 1204 1733 Φαιστίδος
1228 1652 1260 1740 (ὁ
1281 1654 1318 1722 δὲ

172 1761 365 1850 Νικόμαχος
393 1760 506 1848 ἰατρὸς
537 1754 581 1848 ήν
613 1765 673 1829 τοῦ
705 1766 773 1829 τῶν
804 1760 1053 1848 Ἀσκληπιαδῶν
1086 1763 1220 1849 γένους,
1253 1760 1317 1829 ἀπὸ

174 1869 373 1956 Νικομάχου
392 1873 452 1937 τοῦ
473 1867 670 1959 Μαχάονος)
689 1871 725 1937 ἐκ
743 1876 939 1957 Σταγείρων
958 1869 1085 1950 πόλεως
1103 1874 1162 1955 τής
1175 1869 1318 1958 Θράκης,

172 1977 376 2065 φιλόσοφος,
409 1974 561 2064 μαθητής
588 1977 787 2063 Πλάτωνος,
820 1975 961 2062 τραυλὸς
995 1974 1056 2064 τήν
1084 1976 1212 2063 φωνήν.
1262 1977 1317 2043 καὶ
1333 2002 1357 2042 15

172 2081 341 2169 ἀδελφούς
359 2083 419 2170 μὲν
435 2089 530 2171 ἔσχεν
543 2081 763 2172 Ἀρίμνηστον
776 2085 831 2152 καὶ
844 2081 1076 2171 Ἀριμνήστην,
1096 2085 1265 2171 θυγατέρα
1281 2083 1317 2152 δὲ

171 2190 236 2259 ἀπὸ
262 2189 442 2271 Πυθιάδος
464 2195 523 2277 τής
544 2190 715 2280 θυγατρὸς
730 2186 886 2279 Ἑρμείου
908 2197 970 2260 τοῦ
992 2190 1174 2279 εὐνούχου,
1203 2189 1242 2271 ὃς
1264 2192 1318 2259 καὶ

173 2304 316 2379 θλαδίας
340 2294 390 2366 τόν
413 2296 521 2384 αὐτὴν
545 2303 683 2385 ἔσπειρε.
721 2301 892 2386 γημαμένη
917 2299 953 2367 δὲ
972 2300 1082 2384 τρισὶν
1102 2296 1121 2386 ή
1138 2297 1317 2385 Ἀριστοτέ-

171 2415 251 2487 λους
279 2405 448 2492 θυγάτηρ,
476 2405 669 2474 τεκνεάσασα
691 2404 969 2494 προετελεύτησεν
990 2408 1236 2495 Ἀριστοτέλους
1258 2417 1320 2475 τοῦ

171 2513 301 2599 πατρός.
347 2518 421 2600 ἔσχε
445 2512 482 2580 δὲ
504 2513 560 2580 καί
583 2511 661 2581 υἱὸν
685 2513 881 2601 Νικόμαχον
905 2516 939 2596 έξ
958 2512 1176 2599 Ἑρπυλλίδος
1198 2522 1318 2582 παλλα-
1333 2540 1360 2578 ιο

171 2622 247 2708 κής,
264 2616 307 2708 ήν
330 2617 500 2706 [ήγάγετο]
525 2617 605 2706 μετὰ
625 2620 789 2688 Πυθιάδα
807 2620 888 2707 παρ’
900 2619 1056 2708 Ἑρμείου
1074 2626 1135 2690 τοῦ
1153 2620 1319 2708 εὐνούχου

171 2726 276 2818 (ὅστις
295 2719 337 2814 ἦν
353 2726 465 2815 άρχων
479 2726 672 2813 Ἀταρνέως·
692 2728 781 2815 χώρα
797 2729 833 2796 δὲ
848 2727 931 2817 αὕτη
951 2728 1117 2816 Τρωάδος,
1137 2727 1319 2815 Εὐβούλου

172 2834 209 2903 δέ
231 2838 292 2902 τοῦ
317 2838 473 2901 Βιθυνοῦ
496 2838 619 2914 δοῦλος
641 2834 800 2925 γεγονὼς)
821 2842 932 2923 ἔλαβε,
960 2838 1016 2904 καί
1039 2834 1143 2905 αὐτοῦ
1161 2833 1318 2923 Ἑρμείου

172 2940 307 3010 παιδικά
331 2942 517 3028 γενομένου
537 2939 790 3027 Ἀριστοτέλους.
836 2936 913 3031 ἦρξε
938 2944 975 3012 δὲ
999 2949 1053 3030 ἔτη
1078 2942 1125 3029 ιγ’
1147 2947 1206 3029 τῆς
1227 2968 1317 3027 περι-

171 3054 349 3136 πατητικής
380 3054 560 3134 κληθείσης
592 3055 793 3137 φιλοσοφίας
825 3049 879 3117 διά
910 3051 948 3119 τὸ
980 3052 1017 3119 έν
1045 3050 1214 3140 περιπάτῳ
1242 3047 1316 3136 ήτοι
1331 3075 1357 3112 ιε

171 3156 264 3249 κήπῳ
289 3154 421 3237 διδάξαι
445 3152 708 3243 ἀναχωρήσαντα
732 3161 790 3244 τῆς
810 3155 1040 3245 Ἀκαδημείας,
1068 3159 1104 3226 έν
1128 3148 1148 3246 ή
1173 3153 1317 3224 Πλάτων

173 3265 338 3348 ἐδίδαξεν,
367 3262 535 3349 ἐγεννήθη
565 3262 601 3329 δὲ
629 3265 666 3331 έν
693 3268 733 3351 πή
762 3264 821 3343 (ιθ’
844 3262 1040 3350 ὀλυμπιάδι,
1067 3265 1122 3331 καὶ
1146 3261 1317 3331 ἀπέθανεν

176 3369 337 3438 ἀκόνιτον
369 3366 455 3437 πιὼν
488 3370 525 3437 ἐν
558 3373 713 3456 Χαλκίδι,
748 3371 834 3438 διότι
867 3371 1012 3439 ἐκαλεῖτο
1045 3368 1127 3456 πρὸς
1159 3368 1317 3456 εὐθύνας,
1400 3438 1409 3445 ,

243 3539 260 3586 4
275 3530 314 3593 είς
329 3525 361 3584 δν
377 3561 408 3570 -
424 3525 598 3600 ὀλυμπιάδος
612 3533 641 3585 et
654 3531 703 3584 καὶ
717 3527 823 3593 παντὸς
833 3563 865 3570 -
877 3532 941 3586 exit.
954 3549 1007 3586 om.
1019 3532 1093 3586 Eud.
1144 3538 1160 3585 6
1174 3532 1223 3600 τῆς
1236 3526 1317 3599 'Am

173 3618 231 3674 τοῖς
246 3607 296 3681 Ἀρ.
311 3617 333 3664 V
351 3618 409 3672 τοῖς
424 3611 478 3665 del.
492 3611 578 3665 Daub
632 3617 648 3665 8
664 3605 710 3665 &uz
724 3611 775 3679 τῆς
788 3607 848 3679 ρια’
869 3607 908 3667 όλ.
923 3612 1063 3681 flagitavit
1076 3613 1256 3682 Βετιιίιατάμ,
1276 3630 1317 3666 εο-

122 3764 126 3769 Ι
176 3695 282 3749 sudatus
302 3712 320 3749 ο
333 3694 457 3756 Bohdeo,
476 3690 544 3745 Mus.
559 3690 648 3748 Rhen.
662 3690 780 3746 XXXIII
797 3711 823 3761 p.
841 3698 891 3746 166
906 3694 972 3759 not„
991 3693 1039 3763 qui
1056 3693 1136 3748 codd.
1152 3692 1317 3762 scripturam

177 3776 271 3828 tuetur
334 3780 367 3828 10
382 3774 513 3833 παιδείας
527 3788 561 3824 ex
575 3771 682 3826 duobus
696 3772 757 3827 Par.
772 3773 909 3828 Καελτνιιε
923 3773 971 3827 καὶ
984 3775 1062 3827 παιδ.
1076 3775 1149 3844 ναλς.
1164 3772 1228 3841 περὶ
1247 3792 1318 3826 παν-

177 3849 225 3916 τδς
240 3855 335 3915 εἴδους
348 3853 527 3922 Bernhardy,
546 3853 594 3905 aed
610 3854 703 3924 βιβλία
717 3854 904 3923 supplendum
918 3858 1014 3909 censet
1026 3855 1111 3909 Ποιιδ
1162 3849 1317 3924 ἀριθμούν-

175 3954 220 3987 ται
240 3950 310 3989 corr.
328 3934 485 3988 Ριωοοκιιο
499 3934 528 3986 et
541 3932 686 4000 Καοίιτιιε,
705 3927 832 4003 ἀριθμοῦ
852 3933 930 3999 Iibn'‚
949 3928 1076 4004 ἀριθμόν
1090 3935 1174 3988 Daub

245 4012 278 4065 01
298 4012 338 4069 CI.
354 4012 450 4082 steph.
462 4011 526 4080 Byz.
542 4030 567 4065 v.
580 4008 729 4080 Στάγειρα.
750 4013 844 4069 Vitam
860 4014 1008 4083 descripsit
1023 4015 1120 4068 auctor
1135 4013 1210 4067 vitae
1222 4013 1316 4066 Mena-

174 4093 273 4162 gianae
335 4099 366 4146 12
384 4095 531 4155 Φαιστίδος
551 4092 687 4147 Westerm.
709 4091 877 4157 Φαιστιάδος
896 4096 967 4163 υκίμ.
1032 4101 1064 4148 14
1079 4095 1240 4163 Μαχαῶνος
1254 4098 1274 4145 Β
1289 4097 1318 4147 et

172 4167 502 4241 ΒοιλΜαχάωνοςΠ
576 4177 608 4225 16
627 4169 679 4241 μὲν
699 4191 752 4228 om.
768 4180 814 4227 BE
891 4182 921 4229 17
937 4171 1053 4245 Ἑρμίου
1072 4175 1118 4229 hic
1136 4179 1166 4228 et
1184 4174 1299 4227 infraA

175 4259 208 4308 18
226 4254 340 4322 θλιβίας
360 4269 410 4322 pro
428 4254 550 4314 θλαδίας
568 4253 628 4307 cod.
645 4254 758 4324 Μεααη.
777 4258 912 4317 θλαιδιάς
930 4259 952 4306 Δ
1015 4252 1107 4322 ἔπειρε
1128 4258 1150 4305 Δ
1170 4251 1254 4320 έπηρε
1270 4257 1316 4304 ΒΕ

173 4330 508 4402 γαμουμένηὶίοω.ΒΕ
562 4339 597 4386 20
617 4330 873 4405 εἷχεοοό.Μεκαμ.
931 4330 1140 4403 ἔρπόλιδοςΒΕ
1198 4326 1316 4399 21ήγά·

172 4432 237 4482 γετο
256 4430 310 4468 om.
330 4412 390 4468 cod.
411 4414 522 4483 Μανιος.
544 4415 639 4467 tuetur
657 4413 834 4486 Βία-πλατείη,
854 4415 1032 4485 parenthesin
1052 4417 1116 4483 post
1131 4411 1212 4485 ἔλαβε
1231 4414 1316 4468 collo-

174 4510 242 4549 cans
315 4500 349 4549 24
369 4494 544 4548 παιδικοῦΔ
616 4501 650 4550 26
669 4490 872 4565 ἀκαδημίαςΔ
944 4501 978 4549 28
997 4488 1156 4563 χαλκήδιλ
