3036 5114
263 1038 287 1104 Ι.
314 1034 474 1124 ’Ἀβαρις
492 1034 648 1122 Σκύθης,
668 1033 808 1102 Σεύθου
824 1033 905 1113 υίός.
936 1032 1169 1120 συνεγράφατο
1187 1033 1224 1101 δὲ
1242 1060 1317 1121 χρη-

176 1139 279 1230 σμοὺς
306 1142 384 1223 τοὺς
412 1146 640 1231 καλουμένους
667 1140 861 1221 Σκυθικοὺς
888 1141 943 1209 καὶ
973 1140 1081 1229 γάμον
1103 1140 1230 1230 Ἕβρου
1257 1145 1318 1209 τοῦ

174 1253 325 1336 ποταμοῦ
357 1249 412 1317 καὶ
444 1247 640 1338 καθαρμοὺς
671 1249 726 1317 καὶ
758 1253 942 1335 θεογονίαν
978 1247 1227 1347 καταλοφάδην,
1264 1248 1318 1315 καὶ

172 1351 381 1436 ’Λπόλλωνος
408 1355 523 1442 ἄφιξιν
551 1362 598 1436 είς
621 1354 863 1443 Ὑπερβορέους
892 1357 1067 1443 ἐμμέτρως.
1113 1347 1185 1442 [ἧκε
1216 1355 1254 1422 δὲ
1283 1357 1319 1422 ἐκ

175 1465 326 1530 Σκυθῶν
345 1466 393 1542 είς
411 1460 562 1531 Ἑλλάδα.
604 1462 726 1532 τούτου
750 1461 767 1530 ὁ
788 1447 1086 1550 μυθολογοίμενος
1107 1459 1233 1545 ὀϊστός,
1256 1464 1345 1529 τοῦτ

175 1571 359 1656 πετομένου
379 1566 443 1636 άπὸ
464 1572 522 1656 τῆς
536 1566 695 1649 Ἑλλάδος
713 1571 807 1658 μέχρι
826 1574 893 1637 τῶν
908 1567 1137 1657 Ὑπερβορέων
1156 1571 1319 1636 Σκυθῶν·

174 1675 279 1763 ἐδόθη
304 1676 341 1744 δέ
361 1674 451 1769 αὐτῷ
470 1674 559 1764 παρὰ
579 1680 639 1745 τοῦ
661 1674 876 1758 Ἀπόλλωνος.
914 1674 1036 1745 τούτου
1059 1677 1114 1744 καὶ
1134 1675 1320 1764 Γρηγόριος

77 1794 79 1798 ‘
175 1779 193 1849 ὁ
217 1782 380 1871 θεολόγος
403 1784 440 1851 έν
463 1787 508 1877 τῶ
528 1788 575 1863 είς
593 1782 652 1852 τὸν
672 1786 777 1872 μέγαν
796 1789 975 1852 Βασίλειον
997 1784 1158 1876 ἐπιταφίῳ
1183 1783 1318 1871 μνήμην

175 1896 359 1978 πεποίηται.
396 1892 478 1979 φασὶ
504 1892 556 1974 δέ,
580 1888 631 1958 ὅτι
655 1894 776 1977 λοιμοῦ
799 1889 881 1959 κατά
898 1894 1009 1958 πᾶσαν
1032 1889 1093 1978 τὴν
1118 1890 1319 1977 οἰκουμένην

173 1996 351 2082 γεγονότος
369 1995 502 2066 ἀνεῖλεν
527 1995 544 2065 ὁ
571 1996 741 2066 Ἀπόλλων
769 1998 1027 2086 μαντευομένοις
1046 1996 1187 2091 Ἕλλησί
1206 2025 1240 2066 τε
1263 1997 1318 2064 καὶ
1335 2025 1360 2063 ιο

173 2102 356 2193 βαρβάροις
383 2102 444 2174 τὸν
469 2102 658 2191 Ἀθήναίων
689 2108 797 2192 δῆμον
824 2103 908 2191 ὑπὲρ
935 2105 1072 2173 πάντων
1101 2101 1199 2192 εὐχὰς
1225 2104 1318 2191 ποιή-

174 2221 308 2280 σασθαι.
345 2213 622 2299 πρεσβευομένων
642 2211 680 2279 δὲ
702 2215 837 2279 πολλῶν
860 2213 973 2280 ἐθνῶν
996 2210 1081 2300 πρὸς
1103 2209 1241 2296 αὐτούς,
1264 2213 1319 2279 καὶ

162 2316 304 2406 ’Ἄβαριν
329 2321 361 2399 ἐξ
381 2315 610 2407 Ὑπερβορέων
634 2317 841 2405 πρεσβευτὴν
865 2316 1046 2406 ἀφικέσθαι
1074 2320 1208 2405 λέγουσι
1237 2316 1319 2386 κατὰ

177 2421 238 2511 τὴν
260 2423 312 2511 νγ’
337 2422 549 2512 ὀλυμπιάδα]

259 2532 301 2599 ΙΙ.
332 2529 451 2619 ’Ἁβας
479 2531 646 2620 σοφιστής.
689 2531 839 2618 ίστορικδι
867 2529 1089 2619 ὑπομνήματα
1116 2532 1171 2598 καὶ
1199 2532 1318 2618 τέχνην
1335 2559 1359 2597 ιο

175 2637 354 2726 ῥητορικὴν
377 2638 576 2707 καταλιπῶν.

260 2748 320 2813 ΙΙΙ.
357 2744 508 2835 ’Ἅβρων
542 2743 634 2834 Φρὺξ
666 2741 686 2832 ἢ
714 2743 860 2831 Ῥόδιος,
893 2745 1133 2834 γραμματικός,
1165 2746 1319 2833 μαθητὴς

177 2851 376 2941 Τρύφωνος,
405 2853 626 2942 σοφιστεύσας
654 2855 691 2921 έν
713 2851 838 2943 Ῥῶμῃ,
871 2852 1018 2941 γεγονὼς
1047 2853 1084 2922 δὲ
1111 2855 1146 2922 ἐκ
1175 2853 1319 2938 δούλων,

175 2957 564 3050 εἷςνκσα-Ἕονιπνα·

156 3152 167 3177 ⁶
247 3156 259 3209 Ι
282 3159 373 3212 totam
393 3157 481 3212 vitam
506 3173 559 3211 om.
581 3157 717 3211 Westem.
747 3154 787 3211 Cf.
808 3157 911 3212 Ζοααν.
930 3176 957 3228 p.
979 3163 1001 3213 ὁ.
1081 3164 1093 3211 1
1119 3156 1318 3227 συνεγράψατο
1405 3172 1410 3180 ’

176 3267 208 3275 -
227 3239 383 3306 θεογονίαν
401 3238 533 3307 leguntur
550 3237 626 3291 Εαδ.
646 3255 671 3306 p.
691 3242 739 3304 34,
758 3253 791 3289 ex
811 3236 912 3292 Suidae
932 3236 1083 3307 exemplari
1102 3238 1251 3293 manifesto
1271 3239 1318 3292 ad-

176 3316 288 3386 scripta.
317 3318 359 3373 De
376 3317 421 3372 his
440 3317 533 3372 verbis
551 3318 586 3372 cf.
606 3316 730 3385 Lobeck,
750 3318 888 3386 Aglaoph.
909 3318 961 3386 lp.
976 3324 1041 3386 314;
1061 3316 1176 3384 Kinkel,
1196 3317 1227 3373 fr.
1248 3319 1318 3387 ep.I

173 3413 198 3465 p.
219 3402 269 3451 242
285 3414 343 3467 seq.
413 3398 612 3459 λΣκυθίνους
630 3400 652 3448 Δ
671 3393 835 3459 Σκυθινοδς
854 3402 912 3452 ΔΙδ.
980 3393 1074 3467 Εὗρον
1094 3401 1116 3449 Δ
1136 3391 1231 3464 Εὗρον
1246 3415 1317 3466 μακε

172 3476 233 3530 libr.
249 3477 325 3532 Eud.
348 3484 380 3532 17
399 3479 481 3547 Greg.
500 3478 566 3532 Naz.
587 3494 624 3532 or.
643 3483 678 3530 20
697 3495 724 3545 p.
739 3483 789 3531 331
884 3485 901 3531 4
920 3496 977 3546 seq.
1002 3478 1078 3532 Haec
1102 3475 1190 3549 ipsius
1214 3477 1317 3532 Suidae
1380 3538 1385 3555 ι

173 3556 366 3613 additamenta
384 3575 444 3613 esse
463 3559 545 3613 docui
564 3557 634 3613 Mus.
650 3558 737 3612 Rhen.
752 3556 854 3611 XXXV
874 3577 900 3628 p.
918 3564 966 3612 191
1029 3553 1156 3626 Ίίδόθη
1174 3588 1210 3596 -
1226 3552 1316 3611 Ἀπόλ-
1413 3548 1417 3559 ’

173 3639 260 3699 λωνος
284 3655 336 3695 om.
356 3642 378 3690 A
402 3639 517 3693 seclusit
535 3638 669 3706 Gaissord
764 3645 780 3692 9
801 3638 871 3707 φασὶ
894 3635 926 3692 δὲ
951 3654 1007 3707 seq.
1032 3654 1064 3691 ex
1086 3636 1317 3707 Harpocrationis

174 3716 263 3772 lexico
283 3718 435 3788 compilata

243 3797 268 3850 ΙΙ
288 3798 363 3854 Eua.
378 3817 405 3868 p.
424 3803 470 3867 88,
490 3814 562 3867 quae
576 3798 695 3867 praebet
708 3796 831 3866 ίοτορικίι
850 3793 1040 3869 ὑπομνήματα
1058 3799 1107 3852 καὶ
1126 3795 1252 3867 μέθοδον
1270 3795 1317 3867 βη-

172 3876 285 3947 τορικὴν
303 3874 380 3932 πάνυ
399 3874 549 3947 γλαφυρῶν
567 3876 725 3935 κατέλιπεν.
763 3879 803 3934 Os.
820 3879 927 3934 [δαίετο.
951 3897 978 3948 p.
1002 3885 1036 3933 44
1054 3880 1112 3934 not.
1130 3884 1155 3933 2.
1183 3878 1319 3932 Tractant

172 3957 263 4025 Walz,
288 3957 571 4029 Rhet.V11p.203‚
594 3960 708 4028 Miiller,
730 3960 762 4014 fr.
782 3960 846 4015 hist.
867 3958 904 4012 IV
927 3978 954 4028 p.
978 3964 1037 4012 278.
1076 3960 1117 4014 De
1140 3958 1205 4013 stilo
1229 3960 1316 4028 epito-

172 4036 287 4093 matoria
310 4037 344 4093 cf.
364 4058 390 4094 v.
412 4034 537 4107 Ἀκύλας,
557 4032 664 4109 Ἥρων,
693 4036 888 4108 Πολυκράτης,
916 4037 1063 4108 Σωρανός,
1090 4036 1226 4107 Σωτάδης
1253 4034 1317 4106 Ἀθ,

174 4118 309 4186 Τεῦκρος,
331 4121 426 4190 Τίμων
446 4122 508 4189 Φλ,
528 4116 688 4189 Φιλάγριος,
709 4116 869 4190 Χαιρήμων.
944 4126 975 4174 15
993 4115 1161 4191 ἈβαρνόςΕ

241 4198 281 4251 ΙΙΙ
300 4199 375 4255 Eud.
399 4218 425 4269 p.
448 4206 510 4265 1063
532 4201 633 4255 Ζοααν,
656 4219 683 4269 p.
704 4207 718 4254 7
831 4208 862 4256 17
881 4196 984 4272 Ἅβρων
1007 4202 1079 4270 υιιλς.
1103 4218 1171 4256 corr.
1195 4201 1316 4254 editores

173 4281 206 4330 18
226 4271 425 4346 έσοφίοτευοεν
441 4311 472 4319 ·—
489 4277 605 4348 γέγονεν
624 4281 699 4336 Eud.
755 4277 875 4336 δοίλωνε
895 4281 1041 4350 Hermippi
1057 4280 1161 4349 Herytii
1176 4281 1210 4334 de
1225 4280 1315 4335 doctis

171 4356 257 4411 servis
280 4357 407 4412 libellum
435 4358 655 4427 intellegendum
680 4361 781 4416 docent
807 4362 916 4426 Msiller,
941 4360 980 4413 Ill
1003 4379 1030 4430 p.
1050 4366 1083 4413 35
1104 4363 1174 4425 noh,
1198 4360 1314 4414 Wachs-

171 4440 265 4506 lnuth,
284 4439 378 4510 Symb.
398 4442 485 4495 Bonn.
504 4460 531 4512 p.
542 4449 598 4508 ,110

226 4539 377 4597 fingemus,
390 4540 424 4580 ed.
440 4540 518 4580 Flach.
882 4568 894 4577 -
1090 4535 1100 4580 l
