3036 5114
610 334 893 393 PROLEGOMENA.
1278 328 1322 384 ⁴Ll

179 507 314 569 conatus
339 508 403 568 cst:
427 500 628 567 ‘Demetrius
652 498 821 587 Magnes¹)
845 505 895 566 est
917 500 973 564 ille
998 521 1079 563 unus
1103 499 1187 580 fons,
1216 520 1236 560 a
1258 518 1322 580 quo

180 609 361 696 Hesychius
390 611 569 676 doctrinam
599 631 690 674 suam
714 609 837 690 hausit,
867 606 1024 672 Demetrii
1048 605 1211 690 Magnetis
1235 604 1324 667 color
1406 682 1408 687 ,

179 717 341 803 faciesque
379 741 417 783 ex
454 717 618 802 Hesychia
655 722 810 801 tanquam
847 738 867 779 a
903 715 1113 800 palimpsesta
1153 709 1324 776 enitescit’.

180 824 352 889 Nietasohe
376 826 476 910 igitur
494 823 690 907 comparatis
712 822 831 888 Laertii
857 823 936 887 locis
959 822 1142 886 certissima
1165 818 1324 883 uberioris
1401 839 1403 844 ·

180 927 255 1013 περί
274 924 464 1014 ὁμωνύμων
479 931 555 996 libri
569 930 707 1016 vestigia
723 931 743 994 i.
758 952 784 994 e.
798 926 1145 1013 Demetrii-Magnetis,
1159 925 1324 991 Ciceronis

181 1036 339 1121 aequalis,
361 1038 396 1102 in
419 1038 507 1103 hisee
528 1038 608 1111 vitis
629 1037 800 1122 indagasse
820 1036 882 1100 sibi
905 1035 991 1100 visus
1017 1039 1079 1099 est:
1105 1028 1324 1117 Ἀρίστιππος,

179 1136 345 1227 Ἀρχύτας,
362 1139 582 1228 Ἐπιμενίδης,
596 1138 818 1228 Ἡράκλειτος,
837 1139 965 1227 Θεανώ,
984 1138 1208 1226 Θεόφραστος,
1225 1141 1325 1213 Ξενο-

180 1247 312 1336 κράτης,
331 1251 507 1335 Πολέμων,
521 1247 699 1335 Στράτων;
717 1244 986 1335 Ἀναξίμανδρος,
1000 1244 1225 1334 Ἀννίκεριςί),
1242 1244 1325 1331 Ἀρι-

182 1357 345 1442 στοτέλης,
370 1356 591 1442 Δημόκριτος,
609 1353 836 1442 Ἡρακλείδης,
858 1354 987 1439 Θεανιό,
1012 1354 1228 1440 Πυθαγόρας,
1252 1360 1327 1420 Σω-
1433 1364 1436 1395 ³

182 1461 318 1549 κράτης;
330 1461 556 1548 Ἀντισθένης,
577 1460 796 1549 Δημόκριτος,
815 1462 1041 1548 Θεόφραστος,
1055 1461 1204 1547 Κράτης;
1220 1458 1327 1526 Ἀννί-

183 1595 287 1655 κερις,
322 1567 510 1656 Ἀρχέλαος,
544 1566 769 1655 Ἀριστοτέλης
810 1571 845 1659 (i.
868 1595 893 1638 e.
935 1573 968 1637 in
1006 1574 1074 1637 vita
1110 1569 1328 1656 Meuagiana),

180 1673 389 1762 Ἐπίκουρος,
414 1674 643 1763 Ἡρακλείδης,
665 1673 892 1763 Ἡράκλειτος,
923 1676 1112 1764 Θεόδωρος,
1140 1674 1284 1744 Πλάτων
1293 1675 1328 1762 ³),
1417 1688 1439 1762 j

185 1782 406 1869 Πυθαγόρας,
435 1785 598 1870 Πύρρων,
623 1782 816 1870 Σωκράτης,
843 1783 1048 1871 Φερεκύδης,
1072 1787 1188 1871 quibus
1212 1785 1250 1849 de
1274 1806 1329 1867 pa·

144 1934 147 1939 -
183 1893 342 1974 rentibus,
366 1894 526 1975 cognatis,
552 1894 797 1978 cognominibus
821 1900 854 1959 et
877 1893 1140 1978 praeceptoribus
1165 1891 1329 1976 copiosius

184 1999 375 2084 disputatur.
412 1997 536 2064 Deinde
554 2001 588 2065 in
608 2001 691 2083 aliis,
715 2001 830 2087 quibus
850 2001 888 2066 de
907 2001 1176 2086 philosophorum
1199 1998 1329 2082 scriptis

184 2108 305 2193 agitur:
340 2100 614 2191 Ἀναξίμανδρος,
652 2110 827 2192 Αἰσχίνης,
863 2103 1073 2192 Ἀνάχαρσις,
1103 2100 1329 2189 Ἀντισθένης,

186 2210 412 2297 Δημόκριτος,
451 2209 688 2298 Ἐμπεδοκλῆς,
727 2210 951 2299 Ἐπιμενίδης,
995 2212 1159 2296 Εὔδοξος,
1196 2210 1329 2297 Ζήνων,

186 2321 307 2403 Θαλῆς,
331 2318 452 2403 Κέβης,
476 2322 697 2405 Περίανδρος,
721 2318 897 2404 Πιττακός,
916 2322 1092 2408 Πολέμων,
1112 2320 1330 2406 Πυθαγόρας,

187 2423 325 2508 Σόλων,
353 2423 542 2511 Τηλαύγης,
569 2430 719 2510 Φαίδων,
745 2426 945 2514 Φερεκύδης,
971 2434 1138 2508 Φιλίσκος.
1184 2430 1330 2513 Denique

186 2533 218 2598 in
243 2534 438 2619 quibusdam
468 2536 553 2619 aliis,
582 2535 697 2620 quibus
722 2534 760 2598 de
785 2540 888 2600 morte
912 2536 963 2600 vel
985 2537 1093 2622 patria
1112 2538 1228 2622 agitur.
1264 2535 1331 2601 Nec

187 2661 262 2705 vero
284 2641 546 2726 improbabiliter
567 2641 652 2706 idem
673 2642 757 2706 inter
777 2640 937 2707 Demetrii
957 2642 1118 2728 Magnetis
1142 2644 1250 2709 fontes
1273 2644 1330 2709 ha-

186 2747 257 2812 buit
276 2749 472 2833 Aristippi
494 2747 570 2832 περὶ
589 2750 731 2826 παλαιᾶς
749 2750 878 2834 τρυφῆς
897 2750 1016 2817 librum
1024 2748 1068 2837 ⁴),
1087 2773 1125 2815 ex
1144 2774 1208 2836 quo
1220 2751 1331 2815 multa

186 2854 253 2920 eius
272 2857 409 2940 generis,
429 2858 518 2921 velut
537 2879 565 2923 v.
579 2844 795 2940 Θεόφραστος
811 2857 895 2943 (coll.
910 2857 1015 2924 Laert.
1032 2858 1070 2942 V,
1089 2857 1146 2944 39)
1161 2859 1331 2941 fluxerunt,

187 2957 279 3028 cuius
301 2964 408 3049 operis
431 2964 572 3029 frustula
594 2964 628 3027 in
652 2964 727 3028 vitis
746 2962 961 3048 Hesychiauis
985 2966 1169 3051 frequenter
1194 2964 1331 3031 inveniri

186 3091 281 3135 nemo
305 3071 408 3135 nescit
427 3068 482 3154 (cf.
498 3065 738 3155 Ἀριστοτέλης,
756 3065 927 3155 Ἡσίοδος,
952 3069 1136 3157 Σωκράτης
1154 3072 1220 3158 al),
1243 3072 1331 3136 Ale-

187 3177 403 3263 xandrique
422 3178 684 3263 Polyhistoris
702 3179 858 3244 historias
872 3177 925 3263 (of.
936 3182 1130 3263 Χρύσιππος
1143 3181 1215 3246 coll.
1226 3180 1332 3246 laert.

187 3282 258 3370 Vll,
284 3286 356 3369 179,
380 3281 561 3370 Σωκράτης
579 3286 652 3352 coll.
671 3290 777 3352 Laert.
796 3285 838 3369 ll,
860 3288 910 3371 18,
929 3284 1161 3375 Πυθαγόρας),
1185 3288 1332 3373 aliosque

158 3418 401 3452 §.-..-—...—..

188 3531 262 3586 Rosa
284 3532 313 3586 in
337 3535 474 3603 apparatu
498 3533 574 3587 vitae
596 3532 794 3602 Meuagianae,
818 3549 836 3586 a
857 3534 977 3589 veritate
1000 3535 1150 3591 abhorrere
1175 3553 1248 3590 nunc
1271 3553 1331 3606 per·

189 3629 302 3668 suasum
321 3613 424 3682 habeo,
443 3613 569 3682 quamvis
583 3631 639 3668 non
654 3614 791 3668 adductus
804 3615 976 3683 argumentis
991 3615 1115 3686 Maassii,
1134 3618 1226 3687 Biogr.
1242 3636 1268 3688 p.
1282 3623 1332 3671 114

190 3711 256 3762 seq„
275 3692 323 3762 qui
342 3695 436 3749 omnia
454 3693 593 3759 confudit,
613 3712 676 3749 mea
694 3695 779 3748 verba
798 3692 911 3748 omnino
930 3713 984 3750 non
999 3697 1164 3767 intellegens
1179 3713 1267 3766 neque
1287 3717 1332 3751 ex·

190 3773 330 3840 ammaus,
355 3774 404 3827 ned
425 3791 625 3843 usquequaque
645 3774 854 3829 Wilamowitaii
872 3776 965 3832 thesin
985 3777 1225 3848 absurdissimam,
1249 3797 1332 3847 quam

189 3853 341 3922 praeterito
360 3871 434 3909 anno
453 3855 593 3924 vulgavit,
612 3854 748 3925 plenius
766 3851 890 3909 Suidae
909 3858 1095 3927 exemplar,
1114 3859 1230 3915 iactans.

263 3937 289 4002 1)
318 3933 452 3988 Demetrii
477 3934 647 4004 fragmenta,
673 3934 799 4003 quamvis
824 3935 908 3991 hodie
934 3937 1016 4006 plura
1040 3939 1171 3995 accedere
1196 3957 1266 4009 opus
1289 3941 1332 4008 sit,

190 4012 404 4082 diligentissime
423 4013 540 4084 collegit
558 4014 749 4081 Scheuerleet,
769 4016 857 4085 Lugd.
878 4017 938 4071 Bat
955 4023 1032 4073 1858.

261 4098 289 4158 θ)
309 4094 388 4149 Hanc
406 4094 492 4150 vitam
511 4095 643 4164 Hesychii
661 4111 721 4150 esse
739 4095 767 4149 in
782 4096 955 4166 praelatione
974 4100 1083 4169 negavi.

262 4176 289 4243 3)
313 4175 351 4229 At
368 4176 397 4230 iu
420 4176 564 4242 haesita,
588 4176 822 4245 quomadmodum
841 4178 870 4232 in
889 4177 951 4233 aliia
971 4182 1158 4248 (potissimum
1178 4200 1203 4237 v.
1221 4177 1332 4251 Ἀριστο-

190 4252 271 4323 τέλης
294 4255 324 4308 et
341 4253 518 4325 Σωκράτης),
540 4273 612 4325 quae
635 4257 710 4327 apud
733 4257 875 4311 Laenium
898 4258 1105 4329 desiderantur,
1129 4277 1163 4315 cx
1187 4262 1331 4330 Porphyrii

191 4333 308 4389 historia
327 4336 522 4408 philosophica
540 4356 574 4392 ea
591 4354 720 4392 manasse
740 4335 798 4392 veri
817 4336 908 4392 simile
927 4342 978 4393 est

262 4419 289 4482 4)
312 4415 354 4469 De
373 4416 519 4487 Aristippo
537 4418 571 4472 oi.
592 4418 694 4484 Zeller‚
714 4418 812 4472 Gesch.
832 4437 872 4487 gr.
893 4418 940 4474 Ph.
961 4420 1013 4489 lli,
1035 4428 1047 4476 1
1068 4441 1094 4492 p.
1110 4429 1162 4477 498
1182 4425 1238 4479 uot.
1259 4428 1331 4479 etv.

192 4493 392 4566 Wilarnowitz‚
413 4498 506 4566 Antig.
527 4517 551 4553 v.
571 4497 635 4554 Kar.
656 4516 682 4567 p.
699 4505 741 4554 48.
952 4490 963 4507 δ

1082 4591 1120 4645 ἁ*
