<?xml version="1.0" encoding="UTF-8"?>
<!DOCTYPE html PUBLIC "-//W3C//DTD XHTML 1.0 Transitional//EN"
    "http://www.w3.org/TR/xhtml1/DTD/xhtml1-transitional.dtd">
<html xmlns="http://www.w3.org/1999/xhtml" xml:lang="en" lang="en">
 <head>
  <title>
</title>
<meta http-equiv="Content-Type" content="text/html;charset=utf-8" />
  <meta name='ocr-system' content='tesseract 3.04.00' />
  <meta name='ocr-capabilities' content='ocr_page ocr_carea ocr_par ocr_line ocrx_word'/>
</head>
<body>
  <div class='ocr_page' id='page_1' title='image "./hesychiimilesii01flacgoog_0045.png"; bbox 0 0 3036 5114; ppageno 0'>
   <div class='ocr_carea' id='block_1_1' title="bbox 205 313 920 372">
    <p class='ocr_par' dir='ltr' id='par_1_1' title="bbox 205 313 920 372">
     <span class='ocr_line' id='line_1_1' title="bbox 205 313 920 372; baseline 0.004 -3"><span class='ocrx_word' id='word_1_1' title='bbox 205 313 348 370; x_wconf 79' lang='lat' dir='ltr'>XXXVIII</span> <span class='ocrx_word' id='word_1_2' title='bbox 634 314 920 372; x_wconf 79' lang='lat' dir='ltr'>I’ROLEGOMENA.</span> 
     </span>
    </p>
   </div>
   <div class='ocr_carea' id='block_1_2' title="bbox 205 475 1354 1319">
    <p class='ocr_par' dir='ltr' id='par_1_2' title="bbox 205 475 1354 1102">
     <span class='ocr_line' id='line_1_2' title="bbox 205 475 1353 565; baseline 0.004 -23"><span class='ocrx_word' id='word_1_3' title='bbox 205 500 236 562; x_wconf 89' lang='lat' dir='ltr'>p.</span> <span class='ocrx_word' id='word_1_4' title='bbox 258 475 349 564; x_wconf 75' lang='lat'>127),</span> <span class='ocrx_word' id='word_1_5' title='bbox 375 500 510 562; x_wconf 90' lang='lat' dir='ltr'>quarum</span> <span class='ocrx_word' id='word_1_6' title='bbox 529 479 664 544; x_wconf 86' lang='lat' dir='ltr'>alteram</span> <span class='ocrx_word' id='word_1_7' title='bbox 684 479 865 545; x_wconf 85' lang='lat' dir='ltr'>uberiorem</span> <span class='ocrx_word' id='word_1_8' title='bbox 885 502 923 544; x_wconf 89' lang='lat' dir='ltr'>ex</span> <span class='ocrx_word' id='word_1_9' title='bbox 947 481 1020 564; x_wconf 88' lang='lat' dir='ltr'>ipsa</span> <span class='ocrx_word' id='word_1_10' title='bbox 1039 482 1179 565; x_wconf 83' lang='lat' dir='ltr'>epitome</span> <span class='ocrx_word' id='word_1_11' title='bbox 1202 505 1353 547; x_wconf 81' lang='lat' dir='ltr'>manasse</span> 
     </span>
     <span class='ocr_line' id='line_1_3' title="bbox 207 585 1353 672; baseline 0.005 -23"><span class='ocrx_word' id='word_1_12' title='bbox 207 586 363 670; x_wconf 89' lang='lat' dir='ltr'>suspicor,</span> <span class='ocrx_word' id='word_1_13' title='bbox 386 586 475 670; x_wconf 82' lang='lat' dir='ltr'>illam</span> <span class='ocrx_word' id='word_1_14' title='bbox 500 585 643 651; x_wconf 88' lang='lat' dir='ltr'>additam</span> <span class='ocrx_word' id='word_1_15' title='bbox 667 609 705 651; x_wconf 90' lang='lat' dir='ltr'>ex</span> <span class='ocrx_word' id='word_1_16' title='bbox 728 585 845 652; x_wconf 82' lang='lat' dir='ltr'>Suidae</span> <span class='ocrx_word' id='word_1_17' title='bbox 874 588 983 672; x_wconf 90' lang='lat' dir='ltr'>aliquo</span> <span class='ocrx_word' id='word_1_18' title='bbox 1012 589 1105 654; x_wconf 91' lang='lat' dir='ltr'>libro.</span> <span class='ocrx_word' id='word_1_19' title='bbox 1149 590 1218 655; x_wconf 90' lang='lat' dir='ltr'>Neo</span> <span class='ocrx_word' id='word_1_20' title='bbox 1243 611 1353 655; x_wconf 88' lang='lat' dir='ltr'>veren-</span> 
     </span>
     <span class='ocr_line' id='line_1_4' title="bbox 207 690 1353 780; baseline 0.004 -24"><span class='ocrx_word' id='word_1_21' title='bbox 207 690 298 777; x_wconf 86' lang='lat' dir='ltr'>dum,</span> <span class='ocrx_word' id='word_1_22' title='bbox 325 715 365 758; x_wconf 90' lang='lat' dir='ltr'>ne</span> <span class='ocrx_word' id='word_1_23' title='bbox 391 694 477 758; x_wconf 88' lang='lat' dir='ltr'>bona</span> <span class='ocrx_word' id='word_1_24' title='bbox 499 693 645 760; x_wconf 84' lang='lat' dir='ltr'>Eudocia</span> <span class='ocrx_word' id='word_1_25' title='bbox 668 694 829 760; x_wconf 90' lang='lat' dir='ltr'>dormiens</span> <span class='ocrx_word' id='word_1_26' title='bbox 853 699 1023 780; x_wconf 89' lang='lat' dir='ltr'>utramque</span> <span class='ocrx_word' id='word_1_27' title='bbox 1046 717 1085 760; x_wconf 89' lang='lat' dir='ltr'>ex</span> <span class='ocrx_word' id='word_1_28' title='bbox 1108 693 1225 761; x_wconf 81' lang='lat' dir='ltr'>Suidae</span> <span class='ocrx_word' id='word_1_29' title='bbox 1249 697 1353 762; x_wconf 83' lang='lat' dir='ltr'>lexico</span> 
     </span>
     <span class='ocr_line' id='line_1_5' title="bbox 207 799 1354 887; baseline 0.005 -24"><span class='ocrx_word' id='word_1_30' title='bbox 207 799 422 885; x_wconf 76' lang='lat' dir='ltr'>descripserit.</span> <span class='ocrx_word' id='word_1_31' title='bbox 459 800 548 866; x_wconf 90' lang='lat' dir='ltr'>Idem</span> <span class='ocrx_word' id='word_1_32' title='bbox 572 801 711 867; x_wconf 88' lang='lat' dir='ltr'>fortasse</span> <span class='ocrx_word' id='word_1_33' title='bbox 736 803 942 867; x_wconf 86' lang='lat' dir='ltr'>statuendum</span> <span class='ocrx_word' id='word_1_34' title='bbox 966 803 1004 868; x_wconf 91' lang='lat' dir='ltr'>de</span> <span class='ocrx_word' id='word_1_35' title='bbox 1030 803 1215 887; x_wconf 77' lang='lat' dir='ltr'>Theopuidis</span> <span class='ocrx_word' id='word_1_36' title='bbox 1237 807 1354 887; x_wconf 87' lang='lat' dir='ltr'>poetae</span> 
     </span>
     <span class='ocr_line' id='line_1_6' title="bbox 207 906 1353 1002; baseline 0.005 -32"><span class='ocrx_word' id='word_1_37' title='bbox 207 906 283 971; x_wconf 87' lang='lat' dir='ltr'>vitis</span> <span class='ocrx_word' id='word_1_38' title='bbox 307 906 351 992; x_wconf 88' lang='lat' dir='ltr'>(p.</span> <span class='ocrx_word' id='word_1_39' title='bbox 367 908 430 973; x_wconf 81' lang='lat'>367</span> <span class='ocrx_word' id='word_1_40' title='bbox 451 913 484 973; x_wconf 90' lang='lat' dir='ltr'>et</span> <span class='ocrx_word' id='word_1_41' title='bbox 502 932 532 993; x_wconf 89' lang='lat' dir='ltr'>p.</span> <span class='ocrx_word' id='word_1_42' title='bbox 547 907 627 996; x_wconf 81' lang='lat'>375)</span> <span class='ocrx_word' id='word_1_43' title='bbox 650 911 685 1002; x_wconf 84' lang='lat' dir='ltr'>in</span> <span class='ocrx_word' id='word_1_44' title='bbox 707 909 853 976; x_wconf 89' lang='lat' dir='ltr'>Violario</span> <span class='ocrx_word' id='word_1_45' title='bbox 877 911 1076 994; x_wconf 77' lang='lat' dir='ltr'>extantibuS,</span> <span class='ocrx_word' id='word_1_46' title='bbox 1100 933 1237 995; x_wconf 90' lang='lat' dir='ltr'>quarum</span> <span class='ocrx_word' id='word_1_47' title='bbox 1255 933 1353 976; x_wconf 88' lang='lat' dir='ltr'>unam</span> 
     </span>
     <span class='ocr_line' id='line_1_7' title="bbox 208 1013 976 1102; baseline 0.008 -24"><span class='ocrx_word' id='word_1_48' title='bbox 208 1036 246 1078; x_wconf 88' lang='lat' dir='ltr'>ex</span> <span class='ocrx_word' id='word_1_49' title='bbox 272 1013 388 1079; x_wconf 84' lang='lat' dir='ltr'>Suidae</span> <span class='ocrx_word' id='word_1_50' title='bbox 412 1016 516 1082; x_wconf 84' lang='lat' dir='ltr'>lexico</span> <span class='ocrx_word' id='word_1_51' title='bbox 540 1015 735 1102; x_wconf 77' lang='lat' dir='ltr'>descriptam</span> <span class='ocrx_word' id='word_1_52' title='bbox 759 1039 829 1083; x_wconf 86' lang='lat' dir='ltr'>csse</span> <span class='ocrx_word' id='word_1_53' title='bbox 853 1039 976 1084; x_wconf 90' lang='lat' dir='ltr'>censeo.</span> 
     </span>
    </p>

    <p class='ocr_par' dir='ltr' id='par_1_3' title="bbox 207 1120 1353 1319">
     <span class='ocr_line' id='line_1_8' title="bbox 297 1120 1353 1211; baseline 0.005 -25"><span class='ocrx_word' id='word_1_54' title='bbox 297 1120 358 1187; x_wconf 88' lang='lat' dir='ltr'>Sed</span> <span class='ocrx_word' id='word_1_55' title='bbox 387 1124 485 1189; x_wconf 89' lang='lat' dir='ltr'>etiam</span> <span class='ocrx_word' id='word_1_56' title='bbox 513 1125 611 1209; x_wconf 91' lang='lat' dir='ltr'>paulo</span> <span class='ocrx_word' id='word_1_57' title='bbox 642 1125 741 1189; x_wconf 88' lang='lat' dir='ltr'>latius</span> <span class='ocrx_word' id='word_1_58' title='bbox 771 1125 865 1191; x_wconf 91' lang='lat' dir='ltr'>nobis</span> <span class='ocrx_word' id='word_1_59' title='bbox 896 1124 1143 1211; x_wconf 87' lang='lat' dir='ltr'>exspatiandum</span> <span class='ocrx_word' id='word_1_60' title='bbox 1175 1131 1232 1192; x_wconf 87' lang='lat' dir='ltr'>est.</span> <span class='ocrx_word' id='word_1_61' title='bbox 1279 1125 1353 1191; x_wconf 87' lang='lat' dir='ltr'>Sae-</span> 
     </span>
     <span class='ocr_line' id='line_1_9' title="bbox 207 1230 1353 1319; baseline 0.003 -25"><span class='ocrx_word' id='word_1_62' title='bbox 207 1230 340 1316; x_wconf 89' lang='lat' dir='ltr'>pissime</span> <span class='ocrx_word' id='word_1_63' title='bbox 360 1231 460 1316; x_wconf 87' lang='lat' dir='ltr'>enim,</span> <span class='ocrx_word' id='word_1_64' title='bbox 483 1254 555 1298; x_wconf 91' lang='lat' dir='ltr'>cum</span> <span class='ocrx_word' id='word_1_65' title='bbox 576 1255 630 1298; x_wconf 90' lang='lat' dir='ltr'>cos</span> <span class='ocrx_word' id='word_1_66' title='bbox 655 1234 709 1317; x_wconf 91' lang='lat' dir='ltr'>qni</span> <span class='ocrx_word' id='word_1_67' title='bbox 729 1233 890 1299; x_wconf 78' lang='lat' dir='ltr'>editiones</span> <span class='ocrx_word' id='word_1_68' title='bbox 911 1234 1071 1319; x_wconf 86' lang='lat' dir='ltr'>principes</span> <span class='ocrx_word' id='word_1_69' title='bbox 1091 1234 1262 1318; x_wconf 87' lang='lat' dir='ltr'>curabant,</span> <span class='ocrx_word' id='word_1_70' title='bbox 1284 1235 1353 1298; x_wconf 90' lang='lat' dir='ltr'>nnl-</span> 
     </span>
    </p>
   </div>
   <div class='ocr_carea' id='block_1_3' title="bbox 207 1321 1465 1425">
    <p class='ocr_par' dir='ltr' id='par_1_4' title="bbox 207 1321 1465 1425">
     <span class='ocr_line' id='line_1_10' title="bbox 207 1321 1465 1425; baseline 0.001 -22"><span class='ocrx_word' id='word_1_71' title='bbox 207 1338 275 1403; x_wconf 91' lang='lat' dir='ltr'>lum</span> <span class='ocrx_word' id='word_1_72' title='bbox 295 1342 419 1404; x_wconf 83' lang='lat' dir='ltr'>textum</span> <span class='ocrx_word' id='word_1_73' title='bbox 438 1339 619 1425; x_wconf 85' lang='lat' dir='ltr'>typothetis</span> <span class='ocrx_word' id='word_1_74' title='bbox 639 1339 859 1405; x_wconf 88' lang='lat' dir='ltr'>excudendum</span> <span class='ocrx_word' id='word_1_75' title='bbox 878 1340 1048 1405; x_wconf 85' lang='lat' dir='ltr'>tradidisse</span> <span class='ocrx_word' id='word_1_76' title='bbox 1067 1344 1182 1406; x_wconf 89' lang='lat' dir='ltr'>notum</span> <span class='ocrx_word' id='word_1_77' title='bbox 1200 1340 1253 1425; x_wconf 86' lang='lat' dir='ltr'>sit,</span> <span class='ocrx_word' id='word_1_78' title='bbox 1276 1341 1354 1425; x_wconf 91' lang='lat' dir='ltr'>quin</span> <span class='ocrx_word' id='word_1_79' title='bbox 1400 1321 1407 1337; x_wconf 55' lang='grc'><strong>’</strong></span> <span class='ocrx_word' id='word_1_80' title='bbox 1462 1337 1465 1344; x_wconf 78' lang='grc'><strong>’</strong></span> 
     </span>
    </p>
   </div>
   <div class='ocr_carea' id='block_1_4' title="bbox 208 1445 1353 1535">
    <p class='ocr_par' dir='ltr' id='par_1_5' title="bbox 208 1445 1353 1535">
     <span class='ocr_line' id='line_1_11' title="bbox 208 1445 1353 1535; baseline 0.003 -26"><span class='ocrx_word' id='word_1_81' title='bbox 208 1467 281 1510; x_wconf 92' lang='lat' dir='ltr'>eum</span> <span class='ocrx_word' id='word_1_82' title='bbox 304 1447 393 1531; x_wconf 89' lang='lat' dir='ltr'>prins</span> <span class='ocrx_word' id='word_1_83' title='bbox 417 1453 649 1533; x_wconf 83' lang='lat' dir='ltr'>repurgassent</span> <span class='ocrx_word' id='word_1_84' title='bbox 672 1449 902 1533; x_wconf 88' lang='lat' dir='ltr'>auxissentque</span> <span class='ocrx_word' id='word_1_85' title='bbox 926 1445 980 1535; x_wconf 88' lang='lat' dir='ltr'>(cf.</span> <span class='ocrx_word' id='word_1_86' title='bbox 994 1447 1167 1513; x_wconf 91' lang='lat' dir='ltr'>Villoison.</span> <span class='ocrx_word' id='word_1_87' title='bbox 1187 1448 1306 1512; x_wconf 84' lang='lat' dir='ltr'>Anecd.</span> <span class='ocrx_word' id='word_1_88' title='bbox 1320 1446 1353 1512; x_wconf 95' lang='lat' dir='ltr'>II</span> 
     </span>
    </p>
   </div>
   <div class='ocr_carea' id='block_1_5' title="bbox 84 1551 1354 1641">
    <p class='ocr_par' dir='ltr' id='par_1_6' title="bbox 84 1551 1354 1641">
     <span class='ocr_line' id='line_1_12' title="bbox 84 1551 1354 1641; baseline 0.001 -23"><span class='ocrx_word' id='word_1_89' title='bbox 84 1564 91 1572; x_wconf 79' lang='grc'><strong>“</strong></span> <span class='ocrx_word' id='word_1_90' title='bbox 207 1578 239 1640; x_wconf 90' lang='lat' dir='ltr'>p.</span> <span class='ocrx_word' id='word_1_91' title='bbox 258 1551 339 1641; x_wconf 81' lang='lat'>261)</span> <span class='ocrx_word' id='word_1_92' title='bbox 367 1554 451 1639; x_wconf 93' lang='lat' dir='ltr'>qnod</span> <span class='ocrx_word' id='word_1_93' title='bbox 482 1560 515 1619; x_wconf 91' lang='lat' dir='ltr'>et</span> <span class='ocrx_word' id='word_1_94' title='bbox 542 1577 580 1619; x_wconf 89' lang='lat' dir='ltr'>ex</span> <span class='ocrx_word' id='word_1_95' title='bbox 607 1554 765 1621; x_wconf 88' lang='lat' dir='ltr'>Demetrii</span> <span class='ocrx_word' id='word_1_96' title='bbox 794 1554 1032 1640; x_wconf 82' lang='lat' dir='ltr'>Chalcondylae</span> <span class='ocrx_word' id='word_1_97' title='bbox 1063 1555 1204 1620; x_wconf 87' lang='lat' dir='ltr'>editione</span> <span class='ocrx_word' id='word_1_98' title='bbox 1234 1554 1354 1620; x_wconf 91' lang='lat' dir='ltr'>Medio-</span> 
     </span>
    </p>
   </div>
   <div class='ocr_carea' id='block_1_6' title="bbox 207 1660 1430 3766">
    <p class='ocr_par' dir='ltr' id='par_1_7' title="bbox 207 1660 1430 3766">
     <span class='ocr_line' id='line_1_13' title="bbox 207 1660 1374 1747; baseline 0.002 -23"><span class='ocrx_word' id='word_1_99' title='bbox 207 1660 345 1740; x_wconf 85' lang='lat' dir='ltr'>lanensi,</span> <span class='ocrx_word' id='word_1_100' title='bbox 373 1661 450 1726; x_wconf 83' lang='lat' dir='ltr'>Aldi</span> <span class='ocrx_word' id='word_1_101' title='bbox 477 1661 617 1746; x_wconf 87' lang='lat' dir='ltr'>Veneta,</span> <span class='ocrx_word' id='word_1_102' title='bbox 646 1662 800 1728; x_wconf 84' lang='lat' dir='ltr'>Frobenii</span> <span class='ocrx_word' id='word_1_103' title='bbox 827 1662 1020 1747; x_wconf 89' lang='lat' dir='ltr'>Basileensi‚</span> <span class='ocrx_word' id='word_1_104' title='bbox 1050 1662 1141 1727; x_wconf 90' lang='lat' dir='ltr'>Porti</span> <span class='ocrx_word' id='word_1_105' title='bbox 1174 1661 1374 1727; x_wconf 79' lang='lat' dir='ltr'>Genevensi&#39;</span> 
     </span>
     <span class='ocr_line' id='line_1_14' title="bbox 209 1766 1430 1856; baseline -0.001 -23"><span class='ocrx_word' id='word_1_106' title='bbox 209 1772 241 1833; x_wconf 89' lang='lat' dir='ltr'>et</span> <span class='ocrx_word' id='word_1_107' title='bbox 270 1790 308 1832; x_wconf 88' lang='lat' dir='ltr'>ex</span> <span class='ocrx_word' id='word_1_108' title='bbox 335 1767 658 1853; x_wconf 83' lang='lat' dir='ltr'>Pseudo-Hesychii‚</span> <span class='ocrx_word' id='word_1_109' title='bbox 688 1791 782 1853; x_wconf 92' lang='lat' dir='ltr'>quem</span> <span class='ocrx_word' id='word_1_110' title='bbox 810 1776 913 1855; x_wconf 82' lang='lat' dir='ltr'>nu&#39;per</span> <span class='ocrx_word' id='word_1_111' title='bbox 939 1768 1038 1853; x_wconf 87' lang='lat' dir='ltr'>edidi,</span> <span class='ocrx_word' id='word_1_112' title='bbox 1068 1772 1210 1834; x_wconf 87' lang='lat' dir='ltr'>tractatu</span> <span class='ocrx_word' id='word_1_113' title='bbox 1238 1766 1353 1856; x_wconf 86' lang='lat' dir='ltr'>(praef.</span> <span class='ocrx_word' id='word_1_114' title='bbox 1426 1770 1430 1777; x_wconf 82' lang='lat'>&#39;</span> 
     </span>
     <span class='ocr_line' id='line_1_15' title="bbox 207 1876 1352 1962; baseline -0.001 -22"><span class='ocrx_word' id='word_1_115' title='bbox 207 1899 238 1961; x_wconf 88' lang='lat' dir='ltr'>p.</span> <span class='ocrx_word' id='word_1_116' title='bbox 253 1876 298 1962; x_wconf 92' lang='lat' dir='ltr'>V)</span> <span class='ocrx_word' id='word_1_117' title='bbox 323 1876 404 1940; x_wconf 86' lang='lat' dir='ltr'>satis</span> <span class='ocrx_word' id='word_1_118' title='bbox 426 1880 566 1960; x_wconf 87' lang='lat' dir='ltr'>constat,</span> <span class='ocrx_word' id='word_1_119' title='bbox 590 1877 689 1941; x_wconf 88' lang='lat' dir='ltr'>etiam</span> <span class='ocrx_word' id='word_1_120' title='bbox 708 1876 848 1942; x_wconf 88' lang='lat' dir='ltr'>Violarii</span> <span class='ocrx_word' id='word_1_121' title='bbox 866 1882 992 1942; x_wconf 88' lang='lat' dir='ltr'>textum</span> <span class='ocrx_word' id='word_1_122' title='bbox 1012 1876 1224 1960; x_wconf 87' lang='lat' dir='ltr'>descriptum,</span> <span class='ocrx_word' id='word_1_123' title='bbox 1248 1897 1352 1940; x_wconf 91' lang='lat' dir='ltr'>emen-</span> 
     </span>
     <span class='ocr_line' id='line_1_16' title="bbox 208 1982 1355 2071; baseline -0.001 -23"><span class='ocrx_word' id='word_1_124' title='bbox 208 1983 334 2066; x_wconf 83' lang='lat' dir='ltr'>datum,</span> <span class='ocrx_word' id='word_1_125' title='bbox 365 1982 594 2048; x_wconf 86' lang='lat' dir='ltr'>additamentis</span> <span class='ocrx_word' id='word_1_126' title='bbox 625 1983 814 2049; x_wconf 89' lang='lat' dir='ltr'>multifariis</span> <span class='ocrx_word' id='word_1_127' title='bbox 846 1989 995 2049; x_wconf 89' lang='lat' dir='ltr'>ornatum</span> <span class='ocrx_word' id='word_1_128' title='bbox 1028 2005 1099 2048; x_wconf 88' lang='lat' dir='ltr'>esse</span> <span class='ocrx_word' id='word_1_129' title='bbox 1130 1983 1288 2071; x_wconf 86' lang='lat' dir='ltr'>suspicor,</span> <span class='ocrx_word' id='word_1_130' title='bbox 1317 1986 1355 2047; x_wconf 92' lang='lat' dir='ltr'>ut</span> 
     </span>
     <span class='ocr_line' id='line_1_17' title="bbox 208 2089 1410 2177; baseline 0.001 -22"><span class='ocrx_word' id='word_1_131' title='bbox 208 2112 283 2155; x_wconf 87' lang='lat' dir='ltr'>mox</span> <span class='ocrx_word' id='word_1_132' title='bbox 302 2091 389 2175; x_wconf 88' lang='lat' dir='ltr'>typis</span> <span class='ocrx_word' id='word_1_133' title='bbox 404 2091 645 2177; x_wconf 81' lang='lat' dir='ltr'>exprimeretur.</span> <span class='ocrx_word' id='word_1_134' title='bbox 679 2090 772 2167; x_wconf 87' lang='lat' dir='ltr'>Quod</span> <span class='ocrx_word' id='word_1_135' title='bbox 788 2091 959 2175; x_wconf 90' lang='lat' dir='ltr'>quominus</span> <span class='ocrx_word' id='word_1_136' title='bbox 974 2090 1079 2174; x_wconf 89' lang='lat' dir='ltr'>fieret,</span> <span class='ocrx_word' id='word_1_137' title='bbox 1097 2089 1237 2155; x_wconf 88' lang='lat' dir='ltr'>fortasse</span> <span class='ocrx_word' id='word_1_138' title='bbox 1253 2095 1355 2156; x_wconf 89' lang='lat' dir='ltr'>morte</span> <span class='ocrx_word' id='word_1_139' title='bbox 1408 2172 1410 2175; x_wconf 82' lang='lat'>.</span> 
     </span>
     <span class='ocr_line' id='line_1_18' title="bbox 208 2197 1355 2283; baseline 0 -21"><span class='ocrx_word' id='word_1_140' title='bbox 208 2198 296 2263; x_wconf 92' lang='lat' dir='ltr'>illius</span> <span class='ocrx_word' id='word_1_141' title='bbox 324 2198 429 2263; x_wconf 87' lang='lat' dir='ltr'>critici</span> <span class='ocrx_word' id='word_1_142' title='bbox 457 2197 657 2283; x_wconf 88' lang='lat' dir='ltr'>prohibitum</span> <span class='ocrx_word' id='word_1_143' title='bbox 685 2202 749 2282; x_wconf 88' lang='lat' dir='ltr'>est,</span> <span class='ocrx_word' id='word_1_144' title='bbox 779 2199 834 2283; x_wconf 91' lang='lat' dir='ltr'>qni</span> <span class='ocrx_word' id='word_1_145' title='bbox 858 2198 1032 2264; x_wconf 90' lang='lat' dir='ltr'>editionem</span> <span class='ocrx_word' id='word_1_146' title='bbox 1057 2197 1247 2282; x_wconf 85' lang='lat' dir='ltr'>vulgaturus</span> <span class='ocrx_word' id='word_1_147' title='bbox 1276 2202 1355 2262; x_wconf 89' lang='lat' dir='ltr'>erat.</span> 
     </span>
     <span class='ocr_line' id='line_1_19' title="bbox 209 2302 1355 2391; baseline -0.003 -20"><span class='ocrx_word' id='word_1_148' title='bbox 209 2306 279 2382; x_wconf 83' lang='lat' dir='ltr'>Qua</span> <span class='ocrx_word' id='word_1_149' title='bbox 302 2305 404 2391; x_wconf 78' lang='lat' dir='ltr'>igitur</span> <span class='ocrx_word' id='word_1_150' title='bbox 426 2305 552 2370; x_wconf 90' lang='lat' dir='ltr'>ratione</span> <span class='ocrx_word' id='word_1_151' title='bbox 571 2304 755 2370; x_wconf 88' lang='lat' dir='ltr'>Demetrius</span> <span class='ocrx_word' id='word_1_152' title='bbox 775 2304 1011 2390; x_wconf 86' lang='lat' dir='ltr'>Chalcondylas</span> <span class='ocrx_word' id='word_1_153' title='bbox 1035 2327 1127 2370; x_wconf 89' lang='lat' dir='ltr'>snam</span> <span class='ocrx_word' id='word_1_154' title='bbox 1151 2302 1267 2368; x_wconf 88' lang='lat' dir='ltr'>Suidae</span> <span class='ocrx_word' id='word_1_155' title='bbox 1292 2303 1355 2368; x_wconf 91' lang='lat' dir='ltr'>cdi-</span> 
     </span>
     <span class='ocr_line' id='line_1_20' title="bbox 209 2410 1354 2498; baseline 0 -22"><span class='ocrx_word' id='word_1_156' title='bbox 209 2411 332 2477; x_wconf 90' lang='lat' dir='ltr'>tionem</span> <span class='ocrx_word' id='word_1_157' title='bbox 354 2412 538 2496; x_wconf 83' lang='lat' dir='ltr'>inquinavit</span> <span class='ocrx_word' id='word_1_158' title='bbox 561 2412 788 2477; x_wconf 83' lang='lat' dir='ltr'>additamentis</span> <span class='ocrx_word' id='word_1_159' title='bbox 813 2435 851 2477; x_wconf 87' lang='lat' dir='ltr'>ex</span> <span class='ocrx_word' id='word_1_160' title='bbox 875 2411 1040 2498; x_wconf 84' lang='lat' dir='ltr'>Stephano</span> <span class='ocrx_word' id='word_1_161' title='bbox 1060 2411 1228 2496; x_wconf 80' lang='lat' dir='ltr'>Byzantio,</span> <span class='ocrx_word' id='word_1_162' title='bbox 1251 2410 1354 2476; x_wconf 90' lang='lat' dir='ltr'>Paulo</span> 
     </span>
     <span class='ocr_line' id='line_1_21' title="bbox 209 2517 1354 2605; baseline -0.003 -21"><span class='ocrx_word' id='word_1_163' title='bbox 209 2519 386 2605; x_wconf 82' lang='lat' dir='ltr'>Aegineta‚</span> <span class='ocrx_word' id='word_1_164' title='bbox 412 2517 662 2604; x_wconf 84' lang='lat' dir='ltr'>Astrampsychi</span> <span class='ocrx_word' id='word_1_165' title='bbox 690 2519 913 2585; x_wconf 90' lang='lat' dir='ltr'>Onirocriticis</span> <span class='ocrx_word' id='word_1_166' title='bbox 942 2518 995 2604; x_wconf 88' lang='lat' dir='ltr'>(de</span> <span class='ocrx_word' id='word_1_167' title='bbox 1032 2518 1149 2604; x_wconf 90' lang='lat' dir='ltr'>quibus</span> <span class='ocrx_word' id='word_1_168' title='bbox 1183 2519 1221 2582; x_wconf 85' lang='lat' dir='ltr'>cf.</span> <span class='ocrx_word' id='word_1_169' title='bbox 1254 2518 1354 2600; x_wconf 85' lang='lat' dir='ltr'>praef.</span> 
     </span>
     <span class='ocr_line' id='line_1_22' title="bbox 208 2622 1355 2712; baseline -0.003 -19"><span class='ocrx_word' id='word_1_170' title='bbox 208 2624 367 2712; x_wconf 85' lang='lat' dir='ltr'>Kusteri),</span> <span class='ocrx_word' id='word_1_171' title='bbox 391 2625 534 2692; x_wconf 88' lang='lat' dir='ltr'>Zonarae</span> <span class='ocrx_word' id='word_1_172' title='bbox 557 2627 660 2692; x_wconf 86' lang='lat' dir='ltr'>lexico</span> <span class='ocrx_word' id='word_1_173' title='bbox 680 2625 734 2710; x_wconf 86' lang='lat' dir='ltr'>(cf.</span> <span class='ocrx_word' id='word_1_174' title='bbox 749 2626 951 2710; x_wconf 87' lang='lat' dir='ltr'>Bernhardy,</span> <span class='ocrx_word' id='word_1_175' title='bbox 969 2625 1069 2709; x_wconf 86' lang='lat' dir='ltr'>praef.</span> <span class='ocrx_word' id='word_1_176' title='bbox 1088 2649 1117 2710; x_wconf 92' lang='lat' dir='ltr'>p.</span> <span class='ocrx_word' id='word_1_177' title='bbox 1133 2622 1221 2711; x_wconf 78' lang='lat' dir='ltr'>xul)</span> <span class='ocrx_word' id='word_1_178' title='bbox 1241 2625 1282 2691; x_wconf 91' lang='lat' dir='ltr'>al.</span> <span class='ocrx_word' id='word_1_179' title='bbox 1304 2625 1355 2689; x_wconf 91' lang='lat' dir='ltr'>de·</span> 
     </span>
     <span class='ocr_line' id='line_1_23' title="bbox 209 2730 1355 2820; baseline -0.005 -19"><span class='ocrx_word' id='word_1_180' title='bbox 209 2736 340 2818; x_wconf 76' lang='lat' dir='ltr'>emptis,</span> <span class='ocrx_word' id='word_1_181' title='bbox 365 2757 428 2820; x_wconf 91' lang='lat' dir='ltr'>qno</span> <span class='ocrx_word' id='word_1_182' title='bbox 453 2734 538 2799; x_wconf 85' lang='lat' dir='ltr'>lacto</span> <span class='ocrx_word' id='word_1_183' title='bbox 558 2754 678 2798; x_wconf 87' lang='lat' dir='ltr'>novum</span> <span class='ocrx_word' id='word_1_184' title='bbox 698 2733 764 2796; x_wconf 89' lang='lat' dir='ltr'>fere</span> <span class='ocrx_word' id='word_1_185' title='bbox 784 2732 909 2797; x_wconf 86' lang='lat' dir='ltr'>lexicon</span> <span class='ocrx_word' id='word_1_186' title='bbox 931 2730 1062 2796; x_wconf 82' lang='lat' dir='ltr'>Suidani</span> <span class='ocrx_word' id='word_1_187' title='bbox 1087 2733 1189 2798; x_wconf 87' lang='lat' dir='ltr'>vicem</span> <span class='ocrx_word' id='word_1_188' title='bbox 1208 2731 1355 2814; x_wconf 85' lang='lat' dir='ltr'>reddidit,</span> 
     </span>
     <span class='ocr_line' id='line_1_24' title="bbox 210 2837 1354 2925; baseline -0.005 -17"><span class='ocrx_word' id='word_1_189' title='bbox 210 2844 256 2908; x_wconf 90' lang='lat' dir='ltr'>sic</span> <span class='ocrx_word' id='word_1_190' title='bbox 275 2847 387 2908; x_wconf 87' lang='lat' dir='ltr'>noster</span> <span class='ocrx_word' id='word_1_191' title='bbox 406 2861 533 2925; x_wconf 91' lang='lat' dir='ltr'>quoque</span> <span class='ocrx_word' id='word_1_192' title='bbox 553 2838 658 2903; x_wconf 87' lang='lat' dir='ltr'>editor</span> <span class='ocrx_word' id='word_1_193' title='bbox 671 2837 868 2923; x_wconf 87' lang='lat' dir='ltr'>Violarinm,</span> <span class='ocrx_word' id='word_1_194' title='bbox 888 2837 1054 2923; x_wconf 90' lang='lat' dir='ltr'>quodiam</span> <span class='ocrx_word' id='word_1_195' title='bbox 1076 2844 1152 2904; x_wconf 88' lang='lat' dir='ltr'>ante</span> <span class='ocrx_word' id='word_1_196' title='bbox 1171 2840 1212 2909; x_wconf 89' lang='lat' dir='ltr'>ab</span> <span class='ocrx_word' id='word_1_197' title='bbox 1227 2838 1354 2904; x_wconf 91' lang='lat' dir='ltr'>lectori·</span> 
     </span>
     <span class='ocr_line' id='line_1_25' title="bbox 209 2945 1354 3031; baseline -0.003 -16"><span class='ocrx_word' id='word_1_198' title='bbox 209 2951 269 3014; x_wconf 94' lang='lat' dir='ltr'>bus</span> <span class='ocrx_word' id='word_1_199' title='bbox 294 2955 327 3015; x_wconf 89' lang='lat' dir='ltr'>et</span> <span class='ocrx_word' id='word_1_200' title='bbox 349 2947 492 3012; x_wconf 77' lang='lat' dir='ltr'>librarIis</span> <span class='ocrx_word' id='word_1_201' title='bbox 512 2946 735 3010; x_wconf 85' lang='lat' dir='ltr'>deformatum</span> <span class='ocrx_word' id='word_1_202' title='bbox 748 2945 1052 3030; x_wconf 87' lang='lat' dir='ltr'>interpolationibus</span> <span class='ocrx_word' id='word_1_203' title='bbox 1073 2952 1155 3031; x_wconf 86' lang='lat' dir='ltr'>erat,</span> <span class='ocrx_word' id='word_1_204' title='bbox 1181 2946 1354 3031; x_wconf 89' lang='lat' dir='ltr'>permultis</span> 
     </span>
     <span class='ocr_line' id='line_1_26' title="bbox 209 3050 1354 3139; baseline -0.002 -18"><span class='ocrx_word' id='word_1_205' title='bbox 209 3056 438 3122; x_wconf 87' lang='lat' dir='ltr'>additamentis</span> <span class='ocrx_word' id='word_1_206' title='bbox 463 3054 590 3117; x_wconf 86' lang='lat' dir='ltr'>auxisse</span> <span class='ocrx_word' id='word_1_207' title='bbox 614 3058 647 3116; x_wconf 90' lang='lat' dir='ltr'>et</span> <span class='ocrx_word' id='word_1_208' title='bbox 674 3052 943 3136; x_wconf 90' lang='lat' dir='ltr'>quemadmodum</span> <span class='ocrx_word' id='word_1_209' title='bbox 967 3050 1203 3139; x_wconf 80' lang='lat' dir='ltr'>Chalcondylas</span> <span class='ocrx_word' id='word_1_210' title='bbox 1228 3059 1354 3119; x_wconf 88' lang='lat' dir='ltr'>textum</span> 
     </span>
     <span class='ocr_line' id='line_1_27' title="bbox 210 3159 1354 3246; baseline -0.002 -18"><span class='ocrx_word' id='word_1_211' title='bbox 210 3185 285 3228; x_wconf 91' lang='lat' dir='ltr'>mox</span> <span class='ocrx_word' id='word_1_212' title='bbox 309 3184 347 3227; x_wconf 88' lang='lat' dir='ltr'>ex</span> <span class='ocrx_word' id='word_1_213' title='bbox 381 3184 439 3226; x_wconf 91' lang='lat' dir='ltr'>suo</span> <span class='ocrx_word' id='word_1_214' title='bbox 468 3159 598 3246; x_wconf 85' lang='lat' dir='ltr'>ingenio</span> <span class='ocrx_word' id='word_1_215' title='bbox 627 3181 702 3224; x_wconf 92' lang='lat' dir='ltr'>mox</span> <span class='ocrx_word' id='word_1_216' title='bbox 731 3181 770 3223; x_wconf 89' lang='lat' dir='ltr'>ex</span> <span class='ocrx_word' id='word_1_217' title='bbox 798 3159 872 3225; x_wconf 88' lang='lat' dir='ltr'>aliis</span> <span class='ocrx_word' id='word_1_218' title='bbox 900 3160 1137 3243; x_wconf 84' lang='lat' dir='ltr'>exemplaribus</span> <span class='ocrx_word' id='word_1_219' title='bbox 1167 3161 1354 3226; x_wconf 90' lang='lat' dir='ltr'>emendasse</span> 
     </span>
     <span class='ocr_line' id='line_1_28' title="bbox 209 3266 1354 3357; baseline -0.003 -21"><span class='ocrx_word' id='word_1_220' title='bbox 209 3270 372 3357; x_wconf 87' lang='lat' dir='ltr'>putandus</span> <span class='ocrx_word' id='word_1_221' title='bbox 395 3266 487 3352; x_wconf 81' lang='lat' dir='ltr'>cst.¹)</span> <span class='ocrx_word' id='word_1_222' title='bbox 533 3266 596 3344; x_wconf 79' lang='lat' dir='ltr'>Qui</span> <span class='ocrx_word' id='word_1_223' title='bbox 619 3289 691 3332; x_wconf 89' lang='lat' dir='ltr'>cum</span> <span class='ocrx_word' id='word_1_224' title='bbox 713 3288 779 3332; x_wconf 88' lang='lat' dir='ltr'>non</span> <span class='ocrx_word' id='word_1_225' title='bbox 808 3267 941 3332; x_wconf 89' lang='lat' dir='ltr'>verbum</span> <span class='ocrx_word' id='word_1_226' title='bbox 964 3290 1037 3333; x_wconf 90' lang='lat' dir='ltr'>cum</span> <span class='ocrx_word' id='word_1_227' title='bbox 1061 3269 1159 3334; x_wconf 87' lang='lat' dir='ltr'>verbo</span> <span class='ocrx_word' id='word_1_228' title='bbox 1185 3291 1354 3353; x_wconf 89' lang='lat' dir='ltr'>compone-</span> 
     </span>
     <span class='ocr_line' id='line_1_29' title="bbox 209 3375 1353 3463; baseline -0.003 -19"><span class='ocrx_word' id='word_1_229' title='bbox 209 3383 273 3463; x_wconf 84' lang='lat' dir='ltr'>ret,</span> <span class='ocrx_word' id='word_1_230' title='bbox 297 3378 351 3443; x_wconf 90' lang='lat' dir='ltr'>sed</span> <span class='ocrx_word' id='word_1_231' title='bbox 375 3378 451 3442; x_wconf 90' lang='lat' dir='ltr'>data</span> <span class='ocrx_word' id='word_1_232' title='bbox 474 3376 642 3442; x_wconf 85' lang='lat' dir='ltr'>occasione</span> <span class='ocrx_word' id='word_1_233' title='bbox 661 3376 720 3440; x_wconf 86' lang='lat' dir='ltr'>has</span> <span class='ocrx_word' id='word_1_234' title='bbox 744 3375 818 3440; x_wconf 89' lang='lat' dir='ltr'>illas</span> <span class='ocrx_word' id='word_1_235' title='bbox 838 3376 923 3441; x_wconf 88' lang='lat' dir='ltr'>vitas</span> <span class='ocrx_word' id='word_1_236' title='bbox 942 3398 1014 3441; x_wconf 88' lang='lat' dir='ltr'>curn</span> <span class='ocrx_word' id='word_1_237' title='bbox 1034 3375 1151 3442; x_wconf 85' lang='lat' dir='ltr'>Suidae</span> <span class='ocrx_word' id='word_1_238' title='bbox 1169 3381 1260 3442; x_wconf 89' lang='lat' dir='ltr'>textu</span> <span class='ocrx_word' id='word_1_239' title='bbox 1280 3399 1353 3442; x_wconf 90' lang='lat' dir='ltr'>con·</span> 
     </span>
     <span class='ocr_line' id='line_1_30' title="bbox 209 3481 1354 3570; baseline -0.003 -18"><span class='ocrx_word' id='word_1_240' title='bbox 209 3488 322 3569; x_wconf 85' lang='lat' dir='ltr'>ferret,</span> <span class='ocrx_word' id='word_1_241' title='bbox 349 3483 506 3550; x_wconf 87' lang='lat' dir='ltr'>nonnulla</span> <span class='ocrx_word' id='word_1_242' title='bbox 529 3483 564 3547; x_wconf 93' lang='lat' dir='ltr'>in</span> <span class='ocrx_word' id='word_1_243' title='bbox 589 3481 735 3548; x_wconf 91' lang='lat' dir='ltr'>Violario</span> <span class='ocrx_word' id='word_1_244' title='bbox 759 3484 953 3549; x_wconf 88' lang='lat' dir='ltr'>remansisse</span> <span class='ocrx_word' id='word_1_245' title='bbox 977 3486 1133 3570; x_wconf 85' lang='lat' dir='ltr'>sequitur,</span> <span class='ocrx_word' id='word_1_246' title='bbox 1164 3506 1246 3569; x_wconf 90' lang='lat' dir='ltr'>quae</span> <span class='ocrx_word' id='word_1_247' title='bbox 1273 3507 1354 3549; x_wconf 90' lang='lat' dir='ltr'>nuu-</span> 
     </span>
     <span class='ocr_line' id='line_1_31' title="bbox 211 3578 1386 3678; baseline -0.003 -19"><span class='ocrx_word' id='word_1_248' title='bbox 211 3615 307 3678; x_wconf 90' lang='lat' dir='ltr'>quam</span> <span class='ocrx_word' id='word_1_249' title='bbox 340 3591 375 3656; x_wconf 91' lang='lat' dir='ltr'>in</span> <span class='ocrx_word' id='word_1_250' title='bbox 407 3589 523 3655; x_wconf 86' lang='lat' dir='ltr'>Suidae</span> <span class='ocrx_word' id='word_1_251' title='bbox 556 3590 719 3656; x_wconf 88' lang='lat' dir='ltr'>codicibus</span> <span class='ocrx_word' id='word_1_252' title='bbox 751 3590 803 3655; x_wconf 85' lang='lat' dir='ltr'>vel</span> <span class='ocrx_word' id='word_1_253' title='bbox 835 3591 1031 3656; x_wconf 88' lang='lat' dir='ltr'>editionibus</span> <span class='ocrx_word' id='word_1_254' title='bbox 1068 3592 1213 3658; x_wconf 89' lang='lat' dir='ltr'>extitisse</span> <span class='ocrx_word' id='word_1_255' title='bbox 1251 3592 1352 3657; x_wconf 89' lang='lat' dir='ltr'>mani·</span> <span class='ocrx_word' id='word_1_256' title='bbox 1383 3578 1386 3584; x_wconf 39' lang='lat'>⁵</span> 
     </span>
     <span class='ocr_line' id='line_1_32' title="bbox 211 3702 413 3766; baseline -0.01 0"><span class='ocrx_word' id='word_1_257' title='bbox 211 3702 330 3766; x_wconf 88' lang='lat' dir='ltr'>festum</span> <span class='ocrx_word' id='word_1_258' title='bbox 353 3702 413 3764; x_wconf 89' lang='lat' dir='ltr'>est.</span> 
     </span>
    </p>
   </div>
   <div class='ocr_carea' id='block_1_7' title="bbox 210 3926 1354 4487">
    <p class='ocr_par' dir='ltr' id='par_1_8' title="bbox 210 3926 1354 4487">
     <span class='ocr_line' id='line_1_33' title="bbox 284 3926 1354 4000; baseline -0.002 -15"><span class='ocrx_word' id='word_1_259' title='bbox 284 3935 309 3998; x_wconf 90' lang='lat'>1)</span> <span class='ocrx_word' id='word_1_260' title='bbox 328 3930 436 4000; x_wconf 89' lang='lat' dir='ltr'>Operae</span> <span class='ocrx_word' id='word_1_261' title='bbox 453 3929 575 4000; x_wconf 88' lang='lat' dir='ltr'>pretium</span> <span class='ocrx_word' id='word_1_262' title='bbox 595 3929 639 3983; x_wconf 89' lang='lat' dir='ltr'>est</span> <span class='ocrx_word' id='word_1_263' title='bbox 657 3928 795 3991; x_wconf 83' lang='lat' dir='ltr'>conferre,</span> <span class='ocrx_word' id='word_1_264' title='bbox 819 3941 903 3992; x_wconf 89' lang='lat' dir='ltr'>quam</span> <span class='ocrx_word' id='word_1_265' title='bbox 921 3928 1018 3993; x_wconf 88' lang='lat' dir='ltr'>aperte</span> <span class='ocrx_word' id='word_1_266' title='bbox 1036 3944 1068 3982; x_wconf 91' lang='lat' dir='ltr'>ac</span> <span class='ocrx_word' id='word_1_267' title='bbox 1087 3926 1174 3984; x_wconf 89' lang='lat' dir='ltr'>libere</span> <span class='ocrx_word' id='word_1_268' title='bbox 1193 3930 1253 3998; x_wconf 88' lang='lat' dir='ltr'>ipse</span> <span class='ocrx_word' id='word_1_269' title='bbox 1273 3929 1354 3983; x_wconf 86' lang='lat' dir='ltr'>Chal·</span> 
     </span>
     <span class='ocr_line' id='line_1_34' title="bbox 212 4005 1354 4083; baseline -0.007 -13"><span class='ocrx_word' id='word_1_270' title='bbox 212 4012 345 4083; x_wconf 82' lang='lat' dir='ltr'>condylas</span> <span class='ocrx_word' id='word_1_271' title='bbox 363 4011 417 4065; x_wconf 92' lang='lat' dir='ltr'>hoc</span> <span class='ocrx_word' id='word_1_272' title='bbox 436 4027 516 4065; x_wconf 91' lang='lat' dir='ltr'>suum</span> <span class='ocrx_word' id='word_1_273' title='bbox 535 4010 658 4065; x_wconf 88' lang='lat' dir='ltr'>studium</span> <span class='ocrx_word' id='word_1_274' title='bbox 677 4009 706 4062; x_wconf 91' lang='lat' dir='ltr'>in</span> <span class='ocrx_word' id='word_1_275' title='bbox 725 4005 898 4076; x_wconf 83' lang='lat' dir='ltr'>praelatione</span> <span class='ocrx_word' id='word_1_276' title='bbox 918 4006 1021 4062; x_wconf 88' lang='lat' dir='ltr'>Suidae</span> <span class='ocrx_word' id='word_1_277' title='bbox 1040 4007 1139 4063; x_wconf 87' lang='lat' dir='ltr'>iactet:</span> <span class='ocrx_word' id='word_1_278' title='bbox 1159 4005 1193 4063; x_wconf 78' lang='grc' dir='ltr'>οὐ</span> <span class='ocrx_word' id='word_1_279' title='bbox 1213 4007 1265 4079; x_wconf 74' lang='grc' dir='ltr'>μὲν</span> <span class='ocrx_word' id='word_1_280' title='bbox 1284 4007 1354 4062; x_wconf 74' lang='grc' dir='ltr'><strong><em>ἄλλα</em></strong></span> 
     </span>
     <span class='ocr_line' id='line_1_35' title="bbox 212 4081 1354 4164; baseline -0.006 -16"><span class='ocrx_word' id='word_1_281' title='bbox 212 4093 260 4149; x_wconf 78' lang='grc' dir='ltr'>καὶ</span> <span class='ocrx_word' id='word_1_282' title='bbox 278 4089 367 4159; x_wconf 78' lang='grc' dir='ltr'><strong><em>λέξεις</em></strong></span> <span class='ocrx_word' id='word_1_283' title='bbox 386 4087 465 4153; x_wconf 83' lang='grc' dir='ltr'><strong><em>ένίας</em></strong></span> <span class='ocrx_word' id='word_1_284' title='bbox 483 4093 588 4153; x_wconf 73' lang='grc' dir='ltr'><strong><em>αἵτινες</em></strong></span> <span class='ocrx_word' id='word_1_285' title='bbox 611 4085 642 4144; x_wconf 83' lang='grc' dir='ltr'>τὸ</span> <span class='ocrx_word' id='word_1_286' title='bbox 661 4083 796 4155; x_wconf 76' lang='grc' dir='ltr'><strong><em>παράπαν</em></strong></span> <span class='ocrx_word' id='word_1_287' title='bbox 816 4081 854 4140; x_wconf 87' lang='lat' dir='ltr'>oo’</span> <span class='ocrx_word' id='word_1_288' title='bbox 861 4109 876 4155; x_wconf 88' lang='grc' dir='ltr'><em>χ</em></span> <span class='ocrx_word' id='word_1_289' title='bbox 895 4083 1022 4157; x_wconf 76' lang='grc' dir='ltr'><strong><em>ὑπῆρχον</em></strong></span> <span class='ocrx_word' id='word_1_290' title='bbox 1048 4085 1079 4141; x_wconf 80' lang='grc' dir='ltr'>έν</span> <span class='ocrx_word' id='word_1_291' title='bbox 1098 4090 1208 4164; x_wconf 74' lang='grc' dir='ltr'><strong><em>Σοοΐδα</em></strong></span> <span class='ocrx_word' id='word_1_292' title='bbox 1229 4085 1354 4144; x_wconf 80' lang='grc' dir='ltr'><strong><em>ἄλλοθέν</em></strong></span> 
     </span>
     <span class='ocr_line' id='line_1_36' title="bbox 210 4159 1353 4240; baseline -0.007 -10"><span class='ocrx_word' id='word_1_293' title='bbox 210 4177 304 4230; x_wconf 72' lang='grc' dir='ltr'><strong><em>ποθεν</em></strong></span> <span class='ocrx_word' id='word_1_294' title='bbox 323 4172 455 4237; x_wconf 74' lang='grc' dir='ltr'><strong><em>συλλέξας</em></strong></span> <span class='ocrx_word' id='word_1_295' title='bbox 471 4169 663 4239; x_wconf 77' lang='grc' dir='ltr'><strong><em>προσέθηκεν,</em></strong></span> <span class='ocrx_word' id='word_1_296' title='bbox 684 4162 720 4230; x_wconf 80' lang='grc' dir='ltr'>ὡς</span> <span class='ocrx_word' id='word_1_297' title='bbox 734 4159 770 4221; x_wconf 72' lang='grc' dir='ltr'>ἂν</span> <span class='ocrx_word' id='word_1_298' title='bbox 785 4166 814 4222; x_wconf 85' lang='grc' dir='ltr'>ολ</span> <span class='ocrx_word' id='word_1_299' title='bbox 831 4170 978 4237; x_wconf 77' lang='grc' dir='ltr'><strong><em>ζητοῦντες</em></strong></span> <span class='ocrx_word' id='word_1_300' title='bbox 992 4165 1023 4223; x_wconf 82' lang='grc' dir='ltr'>τὸ</span> <span class='ocrx_word' id='word_1_301' title='bbox 1039 4166 1247 4240; x_wconf 80' lang='grc' dir='ltr'><strong><em>σημαινόμενον</em></strong></span> <span class='ocrx_word' id='word_1_302' title='bbox 1263 4165 1353 4223; x_wconf 71' lang='grc' dir='ltr'><strong><em>αὐτοῦ</em></strong></span> 
     </span>
     <span class='ocr_line' id='line_1_37' title="bbox 213 4242 1354 4325; baseline -0.009 -13"><span class='ocrx_word' id='word_1_303' title='bbox 213 4255 305 4325; x_wconf 75' lang='grc' dir='ltr'><strong><em>ἔχοιεν</em></strong></span> <span class='ocrx_word' id='word_1_304' title='bbox 323 4249 504 4322; x_wconf 78' lang='grc' dir='ltr'><strong><em>ἆποναέτερόν</em></strong></span> <span class='ocrx_word' id='word_1_305' title='bbox 524 4272 552 4306; x_wconf 78' lang='grc' dir='ltr'><strong><em>τε</em></strong></span> <span class='ocrx_word' id='word_1_306' title='bbox 572 4251 620 4304; x_wconf 78' lang='grc' dir='ltr'>καὶ</span> <span class='ocrx_word' id='word_1_307' title='bbox 640 4244 818 4318; x_wconf 69' lang='grc' dir='ltr'><strong><em>ἑτοιμότερον</em></strong></span> <span class='ocrx_word' id='word_1_308' title='bbox 839 4242 975 4303; x_wconf 75' lang='grc' dir='ltr'><strong><em>ἐντεῦθεν</em></strong></span> <span class='ocrx_word' id='word_1_309' title='bbox 994 4252 1174 4319; x_wconf 76' lang='grc' dir='ltr'><strong><em>πορίζεσθαι,</em></strong></span> <span class='ocrx_word' id='word_1_310' title='bbox 1199 4249 1246 4303; x_wconf 85' lang='grc' dir='ltr'>καλ</span> <span class='ocrx_word' id='word_1_311' title='bbox 1266 4246 1354 4315; x_wconf 80' lang='grc' dir='ltr'><strong><em>λέξεις</em></strong></span> 
     </span>
     <span class='ocr_line' id='line_1_38' title="bbox 212 4324 1353 4403; baseline -0.009 -11"><span class='ocrx_word' id='word_1_312' title='bbox 212 4334 245 4393; x_wconf 77' lang='grc' dir='ltr'>δέ</span> <span class='ocrx_word' id='word_1_313' title='bbox 268 4357 347 4399; x_wconf 80' lang='grc' dir='ltr'><strong><em>τινας</em></strong></span> <span class='ocrx_word' id='word_1_314' title='bbox 369 4330 608 4403; x_wconf 78' lang='grc' dir='ltr'><strong><em>ἆνερμηνεύτους,</em></strong></span> <span class='ocrx_word' id='word_1_315' title='bbox 633 4329 707 4385; x_wconf 80' lang='grc' dir='ltr'><strong><em>ἔνθα</em></strong></span> <span class='ocrx_word' id='word_1_316' title='bbox 732 4324 876 4398; x_wconf 75' lang='grc' dir='ltr'><strong><em>ἐνεχώρει,</em></strong></span> <span class='ocrx_word' id='word_1_317' title='bbox 905 4326 1032 4399; x_wconf 77' lang='grc' dir='ltr'><strong><em>ἐπιμελὲς</em></strong></span> <span class='ocrx_word' id='word_1_318' title='bbox 1061 4325 1150 4384; x_wconf 80' lang='grc' dir='ltr'><strong><em>αὐτοῦ</em></strong></span> <span class='ocrx_word' id='word_1_319' title='bbox 1177 4328 1275 4399; x_wconf 74' lang='grc' dir='ltr'><strong><em>γέγονε</em></strong></span> <span class='ocrx_word' id='word_1_320' title='bbox 1306 4347 1353 4383; x_wconf 87' lang='grc' dir='ltr'>σα·</span> 
     </span>
     <span class='ocr_line' id='line_1_39' title="bbox 214 4418 344 4487; baseline 0.015 -15"><span class='ocrx_word' id='word_1_321' title='bbox 214 4418 344 4487; x_wconf 76' lang='grc' dir='ltr'><strong><em>φηνλσας.</em></strong></span> 
     </span>
    </p>
   </div>
   <div class='ocr_carea' id='block_1_8' title="bbox 0 0 1529 5114">
    <p class='ocr_par' dir='ltr' id='par_1_9' title="bbox 0 0 1529 5114">
     <span class='ocr_line' id='line_1_40' title="bbox 0 0 1529 5114; baseline 0 0"><span class='ocrx_word' id='word_1_322' title='bbox 0 0 1529 5114; x_wconf 95' lang='lat' dir='ltr'> </span> 
     </span>
    </p>
   </div>
  </div>
 </body>
</html>
