3036 5114
576 351 857 409 PROLHGOMENA.
1201 349 1289 404 XLIX

145 519 324 604 neglexisse
345 519 463 584 merito'
486 519 621 584 mireris.
666 519 818 582 Attamen
847 517 951 601 ipsius
976 516 1145 600 Hermippi
1169 515 1289 580 librum

144 628 185 692 ab
213 626 376 710 Hesychio
409 626 621 708 compilatum
655 647 723 689 esse
752 644 849 708 nego,
883 646 955 688 cum
984 625 1092 709 potius
1120 645 1158 687 ex
1187 623 1288 686 altero

144 734 309 818 opusculo,
332 733 422 797 velut
446 754 482 797 ex
507 734 669 799 communi
694 734 761 797 eius
783 737 816 796 et
835 731 990 818 Diogenis
1009 732 1108 814 fonte,
1132 729 1288 795 Demetrii

19 814 25 828 ι
65 903 68 907 ,
144 838 309 926 Magnetis
347 839 398 905 vel
438 839 674 925 Argesphontis
715 836 789 922 περὶ
836 834 1025 922 ὁμωνύμων
1065 839 1163 920 libro,
1200 836 1289 902 locos

143 948 231 1011 istos
253 948 431 1032 descriptos
461 969 530 1012 esse
559 970 650 1011 exv.
676 949 833 1023 Φιλίσκος
857 945 927 1011 coll.
947 945 1043 1031 Diog.
1067 944 1127 1028 VI,
1159 946 1199 1010 73
1224 967 1289 1030 seq.

145 1056 194 1120 vel
220 1051 413 1139 Νικόμαχος
440 1052 741 1143 0011.j1>i0g.v‚1
772 1051 814 1138 (si
839 1052 1047 1138 Hesychiana
1080 1051 1143 1137 est)
1178 1052 1289 1136 colligi

144 1160 290 1247 possit.¹)

231 1268 320 1333 ldem
355 1270 562 1335 statuendum
596 1272 711 1354 opinor
744 1268 782 1334 de
811 1269 882 1335 loco
910 1268 1096 1334 Nicandri
1125 1267 1289 1332 Alexan·

143 1375 260 1459 drini,
293 1382 348 1461 qui
380 1376 533 1442 laudatur
556 1400 584 1441 v.
611 1378 783 1459 Αἰσχρίων
811 1375 866 1461 (cf.
894 1376 1012 1440 Muller
1040 1374 1086 1439 lV
1114 1398 1143 1459 p.
1166 1371 1289 1460 462)²),

143 1476 215 1547 cum
248 1482 354 1547 locum
383 1481 605 1566 Nicanoris,
636 1482 812 1547 Alexandri
846 1505 954 1548 rerum
986 1483 1166 1565 scriptoris,
1199 1482 1288 1547 cuius

143 1586 259 1653 Suidas
284 1590 481 1654 mentionem
506 1589 616 1654 iniecit
638 1612 667 1655 v.
691 1592 858 1675 Σίβυλλα,
880 1612 946 1655 non
971 1612 1008 1653 ex
1032 1588 1209 1674 Hesychio,
1233 1588 1289 1652 sed

143 1718 181 1760 ex
209 1695 379 1761 Lactantio
409 1693 445 1781 (i.
473 1719 499 1760 e.
525 1695 689 1782 Varrone)
721 1719 819 1780 supra
850 1697 1053 1782 exposuerim
1087 1696 1159 1761 coll.
1188 1696 1287 1760 schol.

143 1802 268 1868 Platon.
291 1802 338 1867 VI
367 1826 396 1887 p.
421 1804 485 1868 269
515 1802 625 1868 Herm.
649 1807 682 1869 et
711 1802 852 1870 Cramer.
882 1805 1000 1869 Anecd.
1034 1804 1106 1869 Par.
1129 1803 1144 1866 Ι
1168 1827 1198 1888 p.
1222 1802 1288 1867 332

143 1908 195 1994 (cf.
222 1909 353 1994 ΜῦΙΙοτ,
381 1910 433 1976 Al.
461 1910 570 1994 script.
595 1934 626 1995 p.
653 1907 742 1997 152),
772 1911 995 1976 Artemonis
1019 1914 1128 1975 autem
1153 1907 1288 1974 Clazo-

142 2017 272 2098 menii,
301 2016 518 2101 Polyhistdris
547 2018 705 2104 aequalis,
732 2016 806 2101 περὶ
831 2013 977 2104 Ὁμήρου
1004 2018 1164 2103 libellum,
1191 2039 1287 2102 quem

141 2122 254 2188 laudat
277 2146 305 2188 v.
326 2119 503 2207 Ἀρκτῖνος,
526 2125 559 2188 in
583 2125 685 2210 ipsius
708 2124 845 2191 Homeri
869 2125 1004 2210 aliisque
1029 2128 1196 2209 poetarum
1221 2126 1285 2207 epi-

140 2251 250 2295 corum
280 2231 356 2295 vitis
393 2253 567 2316 usurpasse
599 2230 782 2316 Hesychius
815 2233 963 2298 videatur
1000 2231 1053 2317 (cf.
1090 2230 1207 2295 Miiller
1238 2229 1286 2295 IV

140 2358 171 2420 p.
195 2337 284 2422 341).
329 2337 416 2402 Num
441 2359 518 2403 vero
542 2337 756 2408 Alexandri
779 2339 1045 2423 Polyhistoris
1069 2335 1143 2424 περὶ
1161 2341 1288 2415 Λυκίας

139 2443 272 2526 librum,
297 2445 351 2529 qui
375 2445 496 2510 citatur
514 2468 543 2510 v.
562 2440 676 2530 Ὠλήν,
699 2466 759 2511 nec
777 2447 884 2512 minus
908 2446 1105 2512 Theodori
1127 2445 1286 2510 Iliensis

144 2551 286 2634 Τρωικά,
310 2573 392 2636 quae
416 2553 594 2630 afferuntur
618 2576 646 2617 v.
667 2555 885 2636 Παλαίφατος
910 2552 1043 2639 (Miiller
1061 2551 1108 2616 IV
1128 2576 1158 2637 p.
1179 2550 1286 2638 513³),

140 2659 210 2743 ipse
234 2659 431 2744 decerpserit
453 2656 568 2740 necne',
591 2681 641 2724 res
666 2681 744 2725 sane
767 2660 922 2746 ambigua
945 2665 1004 2725 est.

228 2766 403 2832 Difficilius
432 2775 538 2831 autem
568 2771 619 2831 est
646 2766 802 2851 iudicatu,
835 2768 907 2852 quis
936 2769 979 2832 sit
1007 2767 1156 2850 Crates,
1189 2789 1285 2852 quem

140 2871 322 2958 Hesychius
351 2897 379 2939 v.
400 2868 542 2957 Ἀλκμύυ
570 2873 763 2958 laudaverit,
790 2874 847 2940 ubi
875 2871 957 2940 κατὰ
984 2873 1021 2941 δὲ
1044 2870 1103 2941 τὸν
1128 2870 1284 2958 Κράτητα

139 2983 315 3063 πταίουτα,
344 2980 376 3045 id
404 2982 488 3067 quod
518 2981 676 3066 praebent
699 2983 727 3046 A
757 2986 789 3047 et
812 2980 886 3047 vat.
916 2983 1083 3068 Pearsoni‚
1111 2982 1284 3069 legendum

139 3109 210 3152 esse
238 3110 350 3154 omnes
379 3088 559 3175 viderunt⁴)
588 3094 717 3174 praeter
744 3089 1006 3175 Bernhardyum,
1035 3091 1089 3175 qui
1118 3092 1186 3156 sine
1217 3090 1284 3154 ulla

140 3216 235 3260 causa
255 3196 370 3261 idonea
388 3195 463 3280 περὶ
482 3197 630 3281 ποιητῶν
649 3218 708 3281 pro
726 3200 886 3263 πταίοντα
905 3196 1132 3282 corrigendum
1150 3198 1284 3262 censuit.

139 3299 355 3388 cogitandum
375 3304 460 3367 enim
479 3303 606 3367 videtur
624 3303 662 3368 de
677 3302 805 3369 Gratetc
819 3304 1026 3384 Atheniensi,
1046 3326 1140 3389 quem
1160 3303 1197 3370 ἐν
1211 3316 1284 3382 ταῖς

211 3465 237 3527 1)
260 3461 354 3524 Daub,
374 3461 452 3517 stud.
471 3480 497 3532 p.
515 3466 565 3516 148
589 3461 672 3516 hasco
690 3461 763 3516 vitas
782 3460 817 3516 de
836 3461 989 3533 Hermippo
1012 3462 1133 3532 pondere
1159 3463 1282 3533 suspica·

139 3541 196 3593 tur:
213 3536 387 3609 Ἀνδροτίων,
409 3536 578 3610 Ἀστυδάμας
602 3537 616 3594 d
636 3538 804 3612 πρεσβύτης,
821 3538 957 3612 Ἔφορος,
983 3541 1141 3612 Θεοδέκτης
1164 3545 1281 3612 Φασηλί.

138 3637 195 3686 της,
216 3615 366 3687 Θεόκριτος
380 3624 457 3686 Χῖος,
473 3617 649 3690 Θεόπομπος,
666 3617 859 3692 Θρασύμαχος,
877 3619 983 3690 Ἰσαῖος,
996 3619 1153 3693 Ἰσοκράτης
1165 3618 1282 3693 Ἀμύκλα

139 3699 213 3768 (coll.
228 3718 254 3753 v.
266 3697 446 3768 Θεοδέκτης),
462 3697 584 3769 Κόκκος,
595 3695 758 3769 ιῬπερείδης
772 3703 846 3769 (coll.
858 3704 957 3758 Athen.
970 3704 1034 3759 Vlll
1043 3721 1071 3773 p.
1082 3710 1143 3775 342,
1162 3706 1280 3762 Pseudo-

138 3781 208 3848 plut.
227 3799 253 3850 p.
269 3785 331 3845 313,
345 3787 377 3834 41
394 3780 507 3849 west),
528 3782 655 3844 Φιλίσκος
673 3777 818 3851 Μιλήσιος.
856 3782 981 3855 Expunxi
1000 3781 1124 3853 Ἔφορος
1143 3785 1191 3840 καλ
1212 3785 1281 3841 Θεό-

138 3879 260 3929 πομπος,
279 3861 353 3930 quod
373 3859 453 3915 Daub
472 3860 572 3915 laudat
590 3859 699 3916 nescius
718 3863 785 3931 quid
803 3863 864 3933 ipsc
883 3883 909 3935 p.
927 3871 978 3920 133
997 3865 1107 3922 dixerit.

208 3945 236 4010 2)
255 3940 382 3997 Contulit
400 3941 493 4009 Βοιὼ,
514 3941 592 3996 Stud.
612 3960 640 4012 p.
658 3947 708 3997 150
727 3943 813 3998 etiam
833 3963 857 3999 v.
871 3939 1058 4014 Ἀντίπατρος,
1078 3945 1281 4016 Καλλισθένης,

139 4019 219 4074 Λέων
240 4025 303 4088 Boc.

208 4105 235 4165 3)
255 4100 383 4156 Ceterum
399 4119 506 4167 moneo,
523 4101 671 4169 Daubium,
686 4103 765 4157 Stud.
780 4122 806 4172 p.
819 4110 869 4160 148
884 4122 938 4160 non
953 4108 1028 4161 recte
1043 4108 1173 4163 attulisse
1185 4103 1278 4177 Ἐρα-

136 4177 327 4242 τοσθένους
348 4183 511 4237 memoriam
531 4200 555 4237 v.
576 4184 700 4254 Σίβυλλα
719 4185 815 4252 Σαμία
839 4187 993 4254 extantem,
1017 4203 1081 4241 cum
1101 4189 1172 4242 hanc
1190 4189 1277 4243 vitam

137 4259 173 4312 ab
198 4258 337 4326 Hesychio
363 4259 483 4316 alienam
510 4278 568 4317 esec
594 4278 629 4316 ne
654 4261 806 4318 Maassium
832 4265 957 4335 quidem,
984 4268 1018 4321 de
1042 4268 1098 4323 Sib.
1124 4287 1152 4339 p.
1172 4274 1206 4322 ⁶3
1221 4285 1277 4337 seq.

137 4338 248 4408 sugerit.

207 4422 235 4488 λ)
250 4420 385 4475 Similiter
399 4439 425 4475 v.
436 4421 660 4493 Πολυδεύκης
670 4455 704 4465 -
714 4425 789 4488 τινες
804 4423 835 4480 δὲ
846 4424 988 4494 γράφουσι
998 4429 1144 4493 παίζοντες
1154 4429 1277 4496 (πταίον-

135 4519 181 4562 τες
200 4516 268 4554 corr.
289 4501 448 4571 ussurus),
468 4522 492 4558 v.
512 4501 654 4572 Κάστωρ
669 4501 776 4568 Ῥόδιος
794 4536 826 4546 -
847 4501 884 4568 ὥς
902 4503 935 4560 δὲ
954 4502 1032 4562 ἄλλοι
1053 4504 1263 4576 ἐπλανήθησαν.

189 4601 340 4653 fluxumve,
354 4601 388 4643 sd.
402 4602 481 4644 h'lach.
1047 4595 1064 4646 d
