<?xml version="1.0" encoding="UTF-8"?>
<!DOCTYPE html PUBLIC "-//W3C//DTD XHTML 1.0 Transitional//EN"
    "http://www.w3.org/TR/xhtml1/DTD/xhtml1-transitional.dtd">
<html xmlns="http://www.w3.org/1999/xhtml" xml:lang="en" lang="en">
 <head>
  <title>
</title>
<meta http-equiv="Content-Type" content="text/html;charset=utf-8" />
  <meta name='ocr-system' content='tesseract 3.04.00' />
  <meta name='ocr-capabilities' content='ocr_page ocr_carea ocr_par ocr_line ocrx_word'/>
</head>
<body>
  <div class='ocr_page' id='page_1' title='image "./hesychiimilesii01flacgoog_0105.png"; bbox 0 0 3036 5114; ppageno 0'>
   <div class='ocr_carea' id='block_1_1' title="bbox 224 301 899 392">
    <p class='ocr_par' dir='ltr' id='par_1_1' title="bbox 224 301 899 392">
     <span class='ocr_line' id='line_1_1' title="bbox 224 301 899 392; baseline -0.012 -28"><span class='ocrx_word' id='word_1_1' title='bbox 224 301 267 364; x_wconf 79' lang='grc'><strong><em>24</em></strong></span> <span class='ocrx_word' id='word_1_2' title='bbox 484 386 487 392; x_wconf 33' lang='grc' dir='ltr'>Ι</span> <span class='ocrx_word' id='word_1_3' title='bbox 688 301 899 356; x_wconf 78' lang='lat' dir='ltr'>HESYCHIUS.</span> 
     </span>
    </p>
   </div>
   <div class='ocr_carea' id='block_1_2' title="bbox 171 450 1441 1950">
    <p class='ocr_par' dir='ltr' id='par_1_2' title="bbox 171 450 1441 1947">
     <span class='ocr_line' id='line_1_2' title="bbox 223 450 1371 549; baseline 0 -19"><span class='ocrx_word' id='word_1_4' title='bbox 223 460 362 548; x_wconf 80' lang='grc' dir='ltr'><strong><em>ποιητής</em></strong></span> <span class='ocrx_word' id='word_1_5' title='bbox 394 476 488 530; x_wconf 85' lang='grc' dir='ltr'><strong><em>νοσεῑ</em></strong></span> <span class='ocrx_word' id='word_1_6' title='bbox 518 490 593 530; x_wconf 88' lang='grc' dir='ltr'><strong><em>τινα</em></strong></span> <span class='ocrx_word' id='word_1_7' title='bbox 626 462 746 549; x_wconf 85' lang='grc' dir='ltr'><strong><em>νόσον,</em></strong></span> <span class='ocrx_word' id='word_1_8' title='bbox 779 464 833 531; x_wconf 83' lang='grc' dir='ltr'><strong><em>καί</em></strong></span> <span class='ocrx_word' id='word_1_9' title='bbox 866 450 955 530; x_wconf 84' lang='grc' dir='ltr'><strong><em>ίάται</em></strong></span> <span class='ocrx_word' id='word_1_10' title='bbox 986 461 1089 531; x_wconf 82' lang='grc' dir='ltr'><strong><em>αὐτὸν</em></strong></span> <span class='ocrx_word' id='word_1_11' title='bbox 1118 459 1135 531; x_wconf 87' lang='grc' dir='ltr'>ὁ</span> <span class='ocrx_word' id='word_1_12' title='bbox 1165 461 1371 549; x_wconf 72' lang='grc' dir='ltr'><strong><em>Ἀσκληπιός,</em></strong></span> 
     </span>
     <span class='ocr_line' id='line_1_3' title="bbox 223 567 1371 659; baseline 0.001 -23"><span class='ocrx_word' id='word_1_13' title='bbox 223 570 278 637; x_wconf 83' lang='grc' dir='ltr'><strong><em>καί</em></strong></span> <span class='ocrx_word' id='word_1_14' title='bbox 296 568 497 657; x_wconf 81' lang='grc' dir='ltr'><strong><em>προστάσσει</em></strong></span> <span class='ocrx_word' id='word_1_15' title='bbox 516 569 712 659; x_wconf 78' lang='grc' dir='ltr'><strong><em>χαριστήρια</em></strong></span> <span class='ocrx_word' id='word_1_16' title='bbox 730 575 790 658; x_wconf 88' lang='grc' dir='ltr'><strong><em>τής</em></strong></span> <span class='ocrx_word' id='word_1_17' title='bbox 809 568 930 658; x_wconf 80' lang='grc' dir='ltr'><em>ὑγείας.</em></span> <span class='ocrx_word' id='word_1_18' title='bbox 958 568 976 639; x_wconf 87' lang='grc' dir='ltr'>ὁ</span> <span class='ocrx_word' id='word_1_19' title='bbox 998 569 1035 639; x_wconf 74' lang='grc' dir='ltr'><strong><em>δὲ</em></strong></span> <span class='ocrx_word' id='word_1_20' title='bbox 1053 567 1193 657; x_wconf 80' lang='grc' dir='ltr'><strong><em>ποιητής</em></strong></span> <span class='ocrx_word' id='word_1_21' title='bbox 1206 569 1243 638; x_wconf 89' lang='grc' dir='ltr'><strong><em>τὸ</em></strong></span> <span class='ocrx_word' id='word_1_22' title='bbox 1259 570 1371 659; x_wconf 92' lang='grc' dir='ltr'><strong><em>δράμα</em></strong></span> 
     </span>
     <span class='ocr_line' id='line_1_4' title="bbox 223 674 1370 765; baseline 0.002 -22"><span class='ocrx_word' id='word_1_23' title='bbox 223 675 260 746; x_wconf 88' lang='grc' dir='ltr'><strong><em>τὸ</em></strong></span> <span class='ocrx_word' id='word_1_24' title='bbox 286 674 469 765; x_wconf 77' lang='grc' dir='ltr'><strong><em>ὁμώνυμόν</em></strong></span> <span class='ocrx_word' id='word_1_25' title='bbox 493 682 528 746; x_wconf 92' lang='grc' dir='ltr'><strong><em>οί</em></strong></span> <span class='ocrx_word' id='word_1_26' title='bbox 548 678 649 765; x_wconf 84' lang='grc' dir='ltr'><strong><em>νέμει.</em></strong></span> <span class='ocrx_word' id='word_1_27' title='bbox 686 678 764 746; x_wconf 80' lang='grc' dir='ltr'><strong><em>θεοὶ</em></strong></span> <span class='ocrx_word' id='word_1_28' title='bbox 788 677 824 746; x_wconf 76' lang='grc' dir='ltr'><strong><em>δὲ</em></strong></span> <span class='ocrx_word' id='word_1_29' title='bbox 847 675 961 765; x_wconf 80' lang='grc' dir='ltr'><strong><em>ὑγείας</em></strong></span> <span class='ocrx_word' id='word_1_30' title='bbox 983 677 1045 765; x_wconf 77' lang='grc' dir='ltr'><strong><em>μὲν</em></strong></span> <span class='ocrx_word' id='word_1_31' title='bbox 1070 674 1131 745; x_wconf 84' lang='grc' dir='ltr'><strong><em>οὐκ</em></strong></span> <span class='ocrx_word' id='word_1_32' title='bbox 1155 677 1199 746; x_wconf 86' lang='grc' dir='ltr'><strong><em>άν</em></strong></span> <span class='ocrx_word' id='word_1_33' title='bbox 1222 702 1299 746; x_wconf 88' lang='grc' dir='ltr'><strong><em>ποτε</em></strong></span> <span class='ocrx_word' id='word_1_34' title='bbox 1318 706 1370 765; x_wconf 92' lang='grc' dir='ltr'><strong><em>μι-</em></strong></span> 
     </span>
     <span class='ocr_line' id='line_1_5' title="bbox 224 781 1371 873; baseline 0.001 -21"><span class='ocrx_word' id='word_1_35' title='bbox 224 783 313 853; x_wconf 88' lang='grc' dir='ltr'><strong><em>σθὸν</em></strong></span> <span class='ocrx_word' id='word_1_36' title='bbox 337 783 519 873; x_wconf 85' lang='grc' dir='ltr'><strong><em>αίτήσαιεν,</em></strong></span> <span class='ocrx_word' id='word_1_37' title='bbox 544 782 618 853; x_wconf 84' lang='grc' dir='ltr'><strong><em>οὐδ’</em></strong></span> <span class='ocrx_word' id='word_1_38' title='bbox 640 781 682 854; x_wconf 80' lang='grc' dir='ltr'><strong><em>διν</em></strong></span> <span class='ocrx_word' id='word_1_39' title='bbox 704 784 850 871; x_wconf 78' lang='grc' dir='ltr'><strong><em>λάβοιεν.</em></strong></span> <span class='ocrx_word' id='word_1_40' title='bbox 887 781 996 871; x_wconf 81' lang='grc' dir='ltr'><strong><em>ἢπῶς</em></strong></span> <span class='ocrx_word' id='word_1_41' title='bbox 1013 783 1068 871; x_wconf 87' lang='grc' dir='ltr'><strong><em>άν,</em></strong></span> <span class='ocrx_word' id='word_1_42' title='bbox 1087 793 1155 872; x_wconf 90' lang='grc' dir='ltr'><strong><em>είγε</em></strong></span> <span class='ocrx_word' id='word_1_43' title='bbox 1174 783 1213 852; x_wconf 82' lang='grc' dir='ltr'><strong><em>τά</em></strong></span> <span class='ocrx_word' id='word_1_44' title='bbox 1233 789 1371 873; x_wconf 89' lang='grc' dir='ltr'><strong><em>μέγιστα</em></strong></span> 
     </span>
     <span class='ocr_line' id='line_1_6' title="bbox 199 888 1441 982; baseline 0.001 -22"><span class='ocrx_word' id='word_1_45' title='bbox 199 889 305 979; x_wconf 76' lang='grc' dir='ltr'><strong><em>τήμῑν</em></strong></span> <span class='ocrx_word' id='word_1_46' title='bbox 330 893 428 979; x_wconf 80' lang='grc' dir='ltr'><strong><em>φρενὶ</em></strong></span> <span class='ocrx_word' id='word_1_47' title='bbox 452 891 685 982; x_wconf 76' lang='grc' dir='ltr'><strong><em>φιλανθρώπῳ</em></strong></span> <span class='ocrx_word' id='word_1_48' title='bbox 701 892 763 959; x_wconf 82' lang='grc' dir='ltr'><strong><em>καί</em></strong></span> <span class='ocrx_word' id='word_1_49' title='bbox 783 888 897 982; x_wconf 76' lang='grc' dir='ltr'><strong><em>ἀγαθῇ</em></strong></span> <span class='ocrx_word' id='word_1_50' title='bbox 916 895 1097 981; x_wconf 80' lang='grc' dir='ltr'><strong><em>παρέχουσι</em></strong></span> <span class='ocrx_word' id='word_1_51' title='bbox 1116 907 1247 980; x_wconf 79' lang='grc' dir='ltr'><strong><em>προῖκα,</em></strong></span> <span class='ocrx_word' id='word_1_52' title='bbox 1271 889 1370 981; x_wconf 85' lang='grc' dir='ltr'><strong><em>ήλιόν</em></strong></span> <span class='ocrx_word' id='word_1_53' title='bbox 1437 941 1441 949; x_wconf 93' lang='grc'>-</span> 
     </span>
     <span class='ocr_line' id='line_1_7' title="bbox 224 996 1371 1088; baseline 0.002 -21"><span class='ocrx_word' id='word_1_54' title='bbox 224 1025 258 1067; x_wconf 86' lang='grc' dir='ltr'><strong><em>τε</em></strong></span> <span class='ocrx_word' id='word_1_55' title='bbox 288 996 371 1085; x_wconf 82' lang='grc' dir='ltr'><strong><em>ὁρᾶν</em></strong></span> <span class='ocrx_word' id='word_1_56' title='bbox 399 997 454 1065; x_wconf 81' lang='grc' dir='ltr'><strong><em>καί</em></strong></span> <span class='ocrx_word' id='word_1_57' title='bbox 482 1002 543 1066; x_wconf 84' lang='grc' dir='ltr'><strong><em>τοῦ</em></strong></span> <span class='ocrx_word' id='word_1_58' title='bbox 573 1003 658 1067; x_wconf 83' lang='grc' dir='ltr'><strong><em>θεοῦ</em></strong></span> <span class='ocrx_word' id='word_1_59' title='bbox 686 1003 746 1068; x_wconf 85' lang='grc' dir='ltr'><strong><em>τοῦ</em></strong></span> <span class='ocrx_word' id='word_1_60' title='bbox 769 998 933 1070; x_wconf 80' lang='grc' dir='ltr'><strong><em>τοσούτου</em></strong></span> <span class='ocrx_word' id='word_1_61' title='bbox 952 1003 1010 1087; x_wconf 86' lang='grc' dir='ltr'><strong><em>τής</em></strong></span> <span class='ocrx_word' id='word_1_62' title='bbox 1032 1004 1225 1088; x_wconf 88' lang='grc' dir='ltr'><strong><em>παναρκοῦς</em></strong></span> <span class='ocrx_word' id='word_1_63' title='bbox 1248 998 1371 1088; x_wconf 81' lang='grc' dir='ltr'><strong><em>ἀμισθί</em></strong></span> 
     </span>
     <span class='ocr_line' id='line_1_8' title="bbox 225 1102 1371 1194; baseline 0.002 -20"><span class='ocrx_word' id='word_1_64' title='bbox 225 1104 490 1193; x_wconf 78' lang='grc' dir='ltr'><strong><em>μεταλαμβάνειν</em></strong></span> <span class='ocrx_word' id='word_1_65' title='bbox 518 1102 666 1194; x_wconf 85' lang='grc' dir='ltr'><strong><em>άκτίνος,</em></strong></span> <span class='ocrx_word' id='word_1_66' title='bbox 693 1107 749 1174; x_wconf 81' lang='grc' dir='ltr'><strong><em>καὶ</em></strong></span> <span class='ocrx_word' id='word_1_67' title='bbox 776 1111 896 1194; x_wconf 80' lang='grc' dir='ltr'><strong><em>χρῆσιν</em></strong></span> <span class='ocrx_word' id='word_1_68' title='bbox 920 1105 1059 1194; x_wconf 80' lang='grc' dir='ltr'><strong><em>ὕδατος,</em></strong></span> <span class='ocrx_word' id='word_1_69' title='bbox 1085 1108 1140 1176; x_wconf 83' lang='grc' dir='ltr'><strong><em>καὶ</em></strong></span> <span class='ocrx_word' id='word_1_70' title='bbox 1165 1106 1269 1193; x_wconf 87' lang='grc' dir='ltr'><strong><em>πυρὸς</em></strong></span> <span class='ocrx_word' id='word_1_71' title='bbox 1292 1128 1371 1176; x_wconf 88' lang='grc' dir='ltr'><strong><em>συν-</em></strong></span> 
     </span>
     <span class='ocr_line' id='line_1_9' title="bbox 224 1211 1371 1302; baseline 0.002 -21"><span class='ocrx_word' id='word_1_72' title='bbox 224 1215 342 1300; x_wconf 86' lang='grc' dir='ltr'><strong><em>τέχνου</em></strong></span> <span class='ocrx_word' id='word_1_73' title='bbox 366 1218 488 1300; x_wconf 92' lang='grc' dir='ltr'><strong><em>μυρίας</em></strong></span> <span class='ocrx_word' id='word_1_74' title='bbox 511 1211 669 1300; x_wconf 83' lang='grc' dir='ltr'><strong><em>ἐπιγονάς</em></strong></span> <span class='ocrx_word' id='word_1_75' title='bbox 692 1213 747 1281; x_wconf 82' lang='grc' dir='ltr'><strong><em>καί</em></strong></span> <span class='ocrx_word' id='word_1_76' title='bbox 771 1220 922 1294; x_wconf 84' lang='grc' dir='ltr'><strong><em>ποικίλας</em></strong></span> <span class='ocrx_word' id='word_1_77' title='bbox 942 1211 1009 1300; x_wconf 83' lang='grc' dir='ltr'><strong><em>ἅμα</em></strong></span> <span class='ocrx_word' id='word_1_78' title='bbox 1028 1214 1083 1282; x_wconf 83' lang='grc' dir='ltr'><strong><em>καὶ</em></strong></span> <span class='ocrx_word' id='word_1_79' title='bbox 1103 1214 1285 1302; x_wconf 88' lang='grc' dir='ltr'><strong><em>συνεργοὺς</em></strong></span> <span class='ocrx_word' id='word_1_80' title='bbox 1303 1218 1371 1284; x_wconf 85' lang='grc' dir='ltr'><strong><em>ἐπι-</em></strong></span> 
     </span>
     <span class='ocr_line' id='line_1_10' title="bbox 224 1317 1370 1410; baseline 0.003 -23"><span class='ocrx_word' id='word_1_81' title='bbox 224 1326 374 1408; x_wconf 83' lang='grc' dir='ltr'><strong><em>κουρίας,</em></strong></span> <span class='ocrx_word' id='word_1_82' title='bbox 396 1321 452 1388; x_wconf 81' lang='grc' dir='ltr'><strong><em>καλ</em></strong></span> <span class='ocrx_word' id='word_1_83' title='bbox 476 1317 575 1408; x_wconf 81' lang='grc' dir='ltr'><strong><em>άέρος</em></strong></span> <span class='ocrx_word' id='word_1_84' title='bbox 597 1325 696 1408; x_wconf 84' lang='grc' dir='ltr'><strong><em>σπᾶν,</em></strong></span> <span class='ocrx_word' id='word_1_85' title='bbox 718 1321 774 1388; x_wconf 82' lang='grc' dir='ltr'><strong><em>καί</em></strong></span> <span class='ocrx_word' id='word_1_86' title='bbox 798 1326 885 1407; x_wconf 83' lang='grc' dir='ltr'><strong><em>ἔχειν</em></strong></span> <span class='ocrx_word' id='word_1_87' title='bbox 904 1320 1035 1409; x_wconf 82' lang='grc' dir='ltr'><strong><em>τροφήν</em></strong></span> <span class='ocrx_word' id='word_1_88' title='bbox 1054 1327 1137 1410; x_wconf 78' lang='grc' dir='ltr'><strong><em>ζωῆς</em></strong></span> <span class='ocrx_word' id='word_1_89' title='bbox 1155 1321 1192 1391; x_wconf 91' lang='grc' dir='ltr'><strong><em>τὸ</em></strong></span> <span class='ocrx_word' id='word_1_90' title='bbox 1212 1325 1245 1404; x_wconf 81' lang='grc' dir='ltr'><strong><em>ἐξ</em></strong></span> <span class='ocrx_word' id='word_1_91' title='bbox 1265 1320 1370 1392; x_wconf 82' lang='grc' dir='ltr'><strong><em>αὐτοῦ</em></strong></span> 
     </span>
     <span class='ocr_line' id='line_1_11' title="bbox 186 1418 1372 1519; baseline 0.003 -24"><span class='ocrx_word' id='word_1_92' title='bbox 186 1456 212 1496; x_wconf 90' lang='lat'><strong><em>10</em></strong></span> <span class='ocrx_word' id='word_1_93' title='bbox 225 1432 365 1516; x_wconf 84' lang='grc' dir='ltr'><strong><em>πνεῦμα.</em></strong></span> <span class='ocrx_word' id='word_1_94' title='bbox 411 1428 567 1496; x_wconf 81' lang='grc' dir='ltr'><strong><em>ἐθέλουσι</em></strong></span> <span class='ocrx_word' id='word_1_95' title='bbox 596 1427 632 1496; x_wconf 70' lang='lat' dir='ltr'><strong><em>QQ</em></strong></span> <span class='ocrx_word' id='word_1_96' title='bbox 661 1426 726 1516; x_wconf 83' lang='grc' dir='ltr'><strong><em>άρα</em></strong></span> <span class='ocrx_word' id='word_1_97' title='bbox 756 1430 792 1496; x_wconf 79' lang='grc' dir='ltr'><strong><em>ἐν</em></strong></span> <span class='ocrx_word' id='word_1_98' title='bbox 816 1432 928 1495; x_wconf 83' lang='grc' dir='ltr'><strong><em>τοῖσδε</em></strong></span> <span class='ocrx_word' id='word_1_99' title='bbox 946 1443 1017 1508; x_wconf 85' lang='grc' dir='ltr'><strong><em>τοῖς</em></strong></span> <span class='ocrx_word' id='word_1_100' title='bbox 1039 1444 1169 1517; x_wconf 80' lang='grc' dir='ltr'><strong><em>μικροῖς</em></strong></span> <span class='ocrx_word' id='word_1_101' title='bbox 1191 1418 1271 1519; x_wconf 76' lang='grc' dir='ltr'><strong><em>βήτε</em></strong></span> <span class='ocrx_word' id='word_1_102' title='bbox 1294 1427 1372 1518; x_wconf 87' lang='grc' dir='ltr'><strong><em>άχα-</em></strong></span> 
     </span>
     <span class='ocr_line' id='line_1_12' title="bbox 227 1533 1372 1624; baseline 0 -20"><span class='ocrx_word' id='word_1_103' title='bbox 227 1543 361 1623; x_wconf 87' lang='grc' dir='ltr'><strong><em>ρίστους</em></strong></span> <span class='ocrx_word' id='word_1_104' title='bbox 380 1533 465 1604; x_wconf 83' lang='grc' dir='ltr'><strong><em>εἶναι</em></strong></span> <span class='ocrx_word' id='word_1_105' title='bbox 485 1534 566 1623; x_wconf 84' lang='grc' dir='ltr'><strong><em>μήτε</em></strong></span> <span class='ocrx_word' id='word_1_106' title='bbox 584 1534 781 1622; x_wconf 86' lang='grc' dir='ltr'><strong><em>άμνήμουας</em></strong></span> <span class='ocrx_word' id='word_1_107' title='bbox 799 1533 895 1623; x_wconf 81' lang='grc' dir='ltr'><strong><em>ἡμᾶς,</em></strong></span> <span class='ocrx_word' id='word_1_108' title='bbox 913 1536 968 1603; x_wconf 84' lang='grc' dir='ltr'><strong><em>καὶ</em></strong></span> <span class='ocrx_word' id='word_1_109' title='bbox 989 1536 1025 1602; x_wconf 81' lang='grc' dir='ltr'><strong><em>ἐν</em></strong></span> <span class='ocrx_word' id='word_1_110' title='bbox 1043 1534 1174 1617; x_wconf 81' lang='grc' dir='ltr'><strong><em>τούτοις</em></strong></span> <span class='ocrx_word' id='word_1_111' title='bbox 1192 1534 1372 1624; x_wconf 84' lang='grc' dir='ltr'><strong><em>ἀμείνονας</em></strong></span> 
     </span>
     <span class='ocr_line' id='line_1_13' title="bbox 226 1633 1415 1745; baseline -0.002 -33"><span class='ocrx_word' id='word_1_112' title='bbox 226 1643 495 1730; x_wconf 61' lang='grc' dir='ltr'><strong><em>ἀποφαινοντες]</em></strong></span> <span class='ocrx_word' id='word_1_113' title='bbox 520 1633 617 1723; x_wconf 84' lang='grc' dir='ltr'><strong><em>οὗτος</em></strong></span> <span class='ocrx_word' id='word_1_114' title='bbox 632 1640 698 1710; x_wconf 72' lang='grc' dir='ltr'><strong><em>δὲ</em></strong></span> <span class='ocrx_word' id='word_1_115' title='bbox 684 1670 701 1711; x_wconf 94' lang='grc' dir='ltr'><strong><em>ο</em></strong></span> <span class='ocrx_word' id='word_1_116' title='bbox 711 1641 922 1731; x_wconf 74' lang='grc' dir='ltr'><strong><em>Ἀρίσταρχος</em></strong></span> <span class='ocrx_word' id='word_1_117' title='bbox 936 1641 1121 1745; x_wconf 84' lang='grc' dir='ltr'><strong><em>σάγχρονος</em></strong></span> <span class='ocrx_word' id='word_1_118' title='bbox 1140 1635 1183 1730; x_wconf 82' lang='grc' dir='ltr'><strong><em>ήν</em></strong></span> <span class='ocrx_word' id='word_1_119' title='bbox 1194 1640 1372 1733; x_wconf 87' lang='grc' dir='ltr'><strong><em>Εὐριπίδη.</em></strong></span> <span class='ocrx_word' id='word_1_120' title='bbox 1410 1676 1415 1691; x_wconf 76' lang='grc'><strong>«</strong></span> 
     </span>
     <span class='ocr_line' id='line_1_14' title="bbox 171 1708 1373 1885; baseline 0 -65"><span class='ocrx_word' id='word_1_121' title='bbox 171 1708 245 1849; x_wconf 55' lang='grc' dir='ltr'>ἰ</span> <span class='ocrx_word' id='word_1_122' title='bbox 227 1779 264 1848; x_wconf 82' lang='grc' dir='ltr'><strong><em>ος</em></strong></span> <span class='ocrx_word' id='word_1_123' title='bbox 290 1754 420 1838; x_wconf 78' lang='grc' dir='ltr'><strong><em>πρῶτος</em></strong></span> <span class='ocrx_word' id='word_1_124' title='bbox 448 1756 495 1831; x_wconf 88' lang='grc' dir='ltr'><strong><em>είς</em></strong></span> <span class='ocrx_word' id='word_1_125' title='bbox 522 1777 559 1818; x_wconf 95' lang='grc' dir='ltr'><strong><em>το</em></strong></span> <span class='ocrx_word' id='word_1_126' title='bbox 591 1755 656 1819; x_wconf 83' lang='grc' dir='ltr'><strong><em>νῦν</em></strong></span> <span class='ocrx_word' id='word_1_127' title='bbox 686 1748 798 1818; x_wconf 81' lang='grc' dir='ltr'><strong><em>αὐτῶν</em></strong></span> <span class='ocrx_word' id='word_1_128' title='bbox 821 1754 926 1838; x_wconf 85' lang='grc' dir='ltr'><strong><em>μήκος</em></strong></span> <span class='ocrx_word' id='word_1_129' title='bbox 947 1748 987 1819; x_wconf 83' lang='grc' dir='ltr'><strong><em>τά</em></strong></span> <span class='ocrx_word' id='word_1_130' title='bbox 1009 1738 1162 1846; x_wconf 84' lang='grc' dir='ltr'><strong><em>δράματα</em></strong></span> <span class='ocrx_word' id='word_1_131' title='bbox 1184 1753 1373 1885; x_wconf 69' lang='grc' dir='ltr'><strong><em>κατέστησε.</em></strong></span> 
     </span>
     <span class='ocr_line' id='line_1_15' title="bbox 226 1839 1372 1950; baseline 0 -24"><span class='ocrx_word' id='word_1_132' title='bbox 226 1842 281 1926; x_wconf 81' lang='grc' dir='ltr'><strong><em>καὶ</em></strong></span> <span class='ocrx_word' id='word_1_133' title='bbox 301 1844 766 1950; x_wconf 61' lang='lat' dir='ltr'><strong><em>ae&#39;QI‘QaEtItIvmayqutaso&#39;,</em></strong></span> <span class='ocrx_word' id='word_1_134' title='bbox 760 1839 969 1944; x_wconf 71' lang='grc' dir='ltr'><strong><em>ἐνίκησεδε</em></strong></span> <span class='ocrx_word' id='word_1_135' title='bbox 982 1856 1030 1944; x_wconf 91' lang='grc' dir='ltr'><strong><em>β’,</em></strong></span> <span class='ocrx_word' id='word_1_136' title='bbox 1049 1855 1372 1946; x_wconf 84' lang='grc' dir='ltr'><strong><em>βιουςὺπερέτηρ’</em></strong></span> 
     </span>
    </p>
   </div>
   <div class='ocr_carea' id='block_1_3' title="bbox 128 1978 1387 3057">
    <p class='ocr_par' dir='ltr' id='par_1_3' title="bbox 188 1978 1373 2183">
     <span class='ocr_line' id='line_1_16' title="bbox 188 1978 1373 2071; baseline 0.002 -21"><span class='ocrx_word' id='word_1_137' title='bbox 188 2011 213 2051; x_wconf 78' lang='grc' dir='ltr'><strong><em>ιι</em></strong></span> <span class='ocrx_word' id='word_1_138' title='bbox 317 1987 527 2053; x_wconf 85' lang='lat' dir='ltr'>LXXXVIII.</span> <span class='ocrx_word' id='word_1_139' title='bbox 571 1983 767 2067; x_wconf 79' lang='grc' dir='ltr'><strong><em>Ἀριστέας</em></strong></span> <span class='ocrx_word' id='word_1_140' title='bbox 800 1978 1091 2070; x_wconf 78' lang='grc' dir='ltr'><strong><em>Δημοχάριδος’“</em></strong></span> <span class='ocrx_word' id='word_1_141' title='bbox 1072 2011 1092 2070; x_wconf 93' lang='grc' dir='ltr'><strong><em>η</em></strong></span> <span class='ocrx_word' id='word_1_142' title='bbox 1126 1989 1373 2071; x_wconf 84' lang='grc' dir='ltr'><strong><em>Καϋστροβίου,</em></strong></span> 
     </span>
     <span class='ocr_line' id='line_1_17' title="bbox 227 2061 1373 2183; baseline 0 -23"><span class='ocrx_word' id='word_1_143' title='bbox 227 2092 483 2180; x_wconf 81' lang='grc' dir='ltr'><strong><em>Προκοννήσιος</em></strong></span> <span class='ocrx_word' id='word_1_144' title='bbox 507 2061 671 2183; x_wconf 78' lang='grc' dir='ltr'><strong><em>ἐποποιός.</em></strong></span> <span class='ocrx_word' id='word_1_145' title='bbox 708 2090 747 2160; x_wconf 85' lang='grc' dir='ltr'><strong><em>τά</em></strong></span> <span class='ocrx_word' id='word_1_146' title='bbox 768 2089 983 2178; x_wconf 87' lang='grc' dir='ltr'><strong><em>Ἀριμάσπεια</em></strong></span> <span class='ocrx_word' id='word_1_147' title='bbox 1002 2090 1190 2177; x_wconf 88' lang='grc' dir='ltr'><strong><em>καλούμενα</em></strong></span> <span class='ocrx_word' id='word_1_148' title='bbox 1209 2097 1269 2178; x_wconf 80' lang='grc' dir='ltr'><strong><em>ἔπη</em></strong></span> <span class='ocrx_word' id='word_1_149' title='bbox 1289 2096 1373 2179; x_wconf 81' lang='grc' dir='ltr'><strong><em>(ἔστι</em></strong></span> 
     </span>
    </p>

    <p class='ocr_par' dir='ltr' id='par_1_4' title="bbox 228 2197 1373 2288">
     <span class='ocr_line' id='line_1_18' title="bbox 228 2197 1373 2288; baseline -0.001 -21"><span class='ocrx_word' id='word_1_150' title='bbox 228 2199 265 2268; x_wconf 73' lang='grc' dir='ltr'><strong><em>δὲ</em></strong></span> <span class='ocrx_word' id='word_1_151' title='bbox 280 2203 410 2286; x_wconf 90' lang='grc' dir='ltr'><strong><em>ίστορία</em></strong></span> <span class='ocrx_word' id='word_1_152' title='bbox 424 2197 727 2288; x_wconf 63' lang='grc' dir='ltr'><strong><em>τώνἭερβορέων</em></strong></span> <span class='ocrx_word' id='word_1_153' title='bbox 734 2197 959 2288; x_wconf 75' lang='grc' dir='ltr'><strong><em>Ἀριμασπῶν)</em></strong></span> <span class='ocrx_word' id='word_1_154' title='bbox 974 2204 1087 2285; x_wconf 80' lang='grc' dir='ltr'><strong><em>βιβλία</em></strong></span> <span class='ocrx_word' id='word_1_155' title='bbox 1096 2199 1131 2285; x_wconf 85' lang='grc' dir='ltr'><strong><em>γ’</em></strong></span> <span class='ocrx_word' id='word_1_156' title='bbox 1143 2198 1279 2284; x_wconf 86' lang='grc' dir='ltr'><strong><em>[τούτου</em></strong></span> <span class='ocrx_word' id='word_1_157' title='bbox 1289 2200 1373 2286; x_wconf 79' lang='grc' dir='ltr'><strong><em>φασὶ</em></strong></span> 
     </span>
    </p>

    <p class='ocr_par' dir='ltr' id='par_1_5' title="bbox 128 2305 1374 2502">
     <span class='ocr_line' id='line_1_19' title="bbox 128 2305 1372 2401; baseline -0.002 -26"><span class='ocrx_word' id='word_1_158' title='bbox 128 2354 131 2359; x_wconf 93' lang='grc'><strong>-</strong></span> <span class='ocrx_word' id='word_1_159' title='bbox 226 2305 288 2394; x_wconf 85' lang='grc' dir='ltr'><strong><em>τήν</em></strong></span> <span class='ocrx_word' id='word_1_160' title='bbox 302 2307 426 2395; x_wconf 77' lang='grc' dir='ltr'><strong><em>ψυχήν,</em></strong></span> <span class='ocrx_word' id='word_1_161' title='bbox 442 2305 522 2401; x_wconf 79' lang='grc' dir='ltr'><strong><em>ὅταν</em></strong></span> <span class='ocrx_word' id='word_1_162' title='bbox 538 2305 706 2393; x_wconf 81' lang='grc' dir='ltr'><strong><em>ἐβούλετο,</em></strong></span> <span class='ocrx_word' id='word_1_163' title='bbox 722 2308 842 2389; x_wconf 80' lang='grc' dir='ltr'><strong><em>ἐξιέναι</em></strong></span> <span class='ocrx_word' id='word_1_164' title='bbox 856 2306 911 2374; x_wconf 83' lang='grc' dir='ltr'><strong><em>καὶ</em></strong></span> <span class='ocrx_word' id='word_1_165' title='bbox 926 2307 1097 2374; x_wconf 81' lang='grc' dir='ltr'><strong><em>ἐπανιέναι</em></strong></span> <span class='ocrx_word' id='word_1_166' title='bbox 1106 2305 1232 2391; x_wconf 89' lang='grc' dir='ltr'><strong><em>πάλιν].</em></strong></span> <span class='ocrx_word' id='word_1_167' title='bbox 1255 2310 1372 2392; x_wconf 89' lang='grc' dir='ltr'><strong><em>γέγονε</em></strong></span> 
     </span>
     <span class='ocr_line' id='line_1_20' title="bbox 229 2404 1374 2502; baseline -0.001 -20"><span class='ocrx_word' id='word_1_168' title='bbox 229 2415 266 2484; x_wconf 76' lang='grc' dir='ltr'><strong><em>δὲ</em></strong></span> <span class='ocrx_word' id='word_1_169' title='bbox 285 2413 367 2484; x_wconf 82' lang='grc' dir='ltr'><strong><em>κατὰ</em></strong></span> <span class='ocrx_word' id='word_1_170' title='bbox 387 2422 538 2502; x_wconf 81' lang='grc' dir='ltr'><strong><em>Κροῖσον</em></strong></span> <span class='ocrx_word' id='word_1_171' title='bbox 556 2414 609 2482; x_wconf 77' lang='grc' dir='ltr'><strong><em>καί</em></strong></span> <span class='ocrx_word' id='word_1_172' title='bbox 631 2417 760 2500; x_wconf 82' lang='grc' dir='ltr'><strong><em>Κῦρον,</em></strong></span> <span class='ocrx_word' id='word_1_173' title='bbox 780 2409 962 2501; x_wconf 78' lang='grc' dir='ltr'><strong><em>ὀλυμπιάδι</em></strong></span> <span class='ocrx_word' id='word_1_174' title='bbox 981 2411 1047 2500; x_wconf 83' lang='grc' dir='ltr'><strong><em>νη’.</em></strong></span> <span class='ocrx_word' id='word_1_175' title='bbox 1077 2417 1199 2500; x_wconf 82' lang='grc' dir='ltr'><strong><em>ἔγραψε</em></strong></span> <span class='ocrx_word' id='word_1_176' title='bbox 1219 2414 1256 2483; x_wconf 72' lang='grc' dir='ltr'><strong><em>δὲ</em></strong></span> <span class='ocrx_word' id='word_1_177' title='bbox 1275 2404 1374 2493; x_wconf 83' lang='grc' dir='ltr'><strong><em>οὗτος</em></strong></span> 
     </span>
    </p>

    <p class='ocr_par' dir='ltr' id='par_1_6' title="bbox 189 2519 1387 2737">
     <span class='ocr_line' id='line_1_21' title="bbox 189 2519 1387 2612; baseline -0.005 -25"><span class='ocrx_word' id='word_1_178' title='bbox 189 2548 215 2588; x_wconf 78' lang='grc' dir='ltr'><strong><em>ιο</em></strong></span> <span class='ocrx_word' id='word_1_179' title='bbox 229 2523 284 2591; x_wconf 80' lang='grc' dir='ltr'><strong><em>καὶ</em></strong></span> <span class='ocrx_word' id='word_1_180' title='bbox 307 2520 556 2612; x_wconf 76' lang='grc' dir='ltr'><strong><em>καταλογάδην,</em></strong></span> <span class='ocrx_word' id='word_1_181' title='bbox 579 2526 763 2608; x_wconf 91' lang='grc' dir='ltr'><strong><em>θεογονίαν</em></strong></span> <span class='ocrx_word' id='word_1_182' title='bbox 787 2525 835 2612; x_wconf 81' lang='grc' dir='ltr'><strong><em>είς</em></strong></span> <span class='ocrx_word' id='word_1_183' title='bbox 858 2526 918 2607; x_wconf 84' lang='grc' dir='ltr'><strong><em>ἔπη</em></strong></span> <span class='ocrx_word' id='word_1_184' title='bbox 943 2519 1000 2611; x_wconf 55' lang='grc' dir='ltr'><strong><em>,αἶ</em></strong></span> <span class='ocrx_word' id='word_1_185' title='bbox 1383 2574 1387 2581; x_wconf 93' lang='grc'>.</span> 
     </span>
     <span class='ocr_line' id='line_1_22' title="bbox 317 2643 1374 2737; baseline -0.001 -22"><span class='ocrx_word' id='word_1_186' title='bbox 317 2650 491 2717; x_wconf 86' lang='lat' dir='ltr'>LXXXIX.</span> <span class='ocrx_word' id='word_1_187' title='bbox 507 2645 748 2737; x_wconf 72' lang='grc' dir='ltr'><strong><em>Ἀριστείδης</em></strong></span> <span class='ocrx_word' id='word_1_188' title='bbox 760 2643 952 2735; x_wconf 85' lang='grc' dir='ltr'><strong><em>Ἀδριανεὺς</em></strong></span> <span class='ocrx_word' id='word_1_189' title='bbox 966 2649 1127 2735; x_wconf 82' lang='grc' dir='ltr'><strong><em>σοφιστής</em></strong></span> <span class='ocrx_word' id='word_1_190' title='bbox 1138 2646 1321 2737; x_wconf 76' lang='grc' dir='ltr'><strong><em>(Ἁδριανοί</em></strong></span> <span class='ocrx_word' id='word_1_191' title='bbox 1336 2647 1374 2715; x_wconf 72' lang='grc' dir='ltr'><strong><em>δὲ</em></strong></span> 
     </span>
    </p>

    <p class='ocr_par' dir='ltr' id='par_1_7' title="bbox 228 2753 1374 3057">
     <span class='ocr_line' id='line_1_23' title="bbox 228 2753 1374 2842; baseline -0.003 -19"><span class='ocrx_word' id='word_1_192' title='bbox 228 2755 323 2836; x_wconf 89' lang='grc' dir='ltr'><strong><em>πόλις</em></strong></span> <span class='ocrx_word' id='word_1_193' title='bbox 343 2761 478 2835; x_wconf 90' lang='grc' dir='ltr'><strong><em>Μυσίας</em></strong></span> <span class='ocrx_word' id='word_1_194' title='bbox 500 2760 558 2842; x_wconf 83' lang='grc' dir='ltr'><strong><em>τής</em></strong></span> <span class='ocrx_word' id='word_1_195' title='bbox 576 2759 641 2823; x_wconf 83' lang='grc' dir='ltr'><strong><em>νῦν</em></strong></span> <span class='ocrx_word' id='word_1_196' title='bbox 660 2753 854 2842; x_wconf 82' lang='grc' dir='ltr'><strong><em>Βιθυνίας),</em></strong></span> <span class='ocrx_word' id='word_1_197' title='bbox 873 2755 1076 2841; x_wconf 86' lang='grc' dir='ltr'><strong><em>Πολέμωνος</em></strong></span> <span class='ocrx_word' id='word_1_198' title='bbox 1094 2758 1155 2824; x_wconf 86' lang='grc' dir='ltr'><strong><em>τοῦ</em></strong></span> <span class='ocrx_word' id='word_1_199' title='bbox 1175 2759 1374 2840; x_wconf 91' lang='grc' dir='ltr'><strong><em>Σμυρναίου</em></strong></span> 
     </span>
     <span class='ocr_line' id='line_1_24' title="bbox 229 2858 1373 2951; baseline -0.004 -19"><span class='ocrx_word' id='word_1_200' title='bbox 229 2862 370 2951; x_wconf 83' lang='grc' dir='ltr'><strong><em>ῥήτορος</em></strong></span> <span class='ocrx_word' id='word_1_201' title='bbox 393 2862 560 2950; x_wconf 89' lang='grc' dir='ltr'><strong><em>μαθητής,</em></strong></span> <span class='ocrx_word' id='word_1_202' title='bbox 585 2860 658 2941; x_wconf 91' lang='grc' dir='ltr'><strong><em>υίὸς</em></strong></span> <span class='ocrx_word' id='word_1_203' title='bbox 676 2858 892 2947; x_wconf 81' lang='grc' dir='ltr'><strong><em>Εὐδαίμονος</em></strong></span> <span class='ocrx_word' id='word_1_204' title='bbox 914 2861 1107 2948; x_wconf 85' lang='grc' dir='ltr'><strong><em>φιλοσόφου</em></strong></span> <span class='ocrx_word' id='word_1_205' title='bbox 1129 2887 1164 2929; x_wconf 87' lang='grc' dir='ltr'><strong><em>τε</em></strong></span> <span class='ocrx_word' id='word_1_206' title='bbox 1186 2861 1241 2928; x_wconf 84' lang='grc' dir='ltr'><strong><em>καὶ</em></strong></span> <span class='ocrx_word' id='word_1_207' title='bbox 1259 2860 1373 2947; x_wconf 78' lang='grc' dir='ltr'><strong><em>ίερέοις</em></strong></span> 
     </span>
     <span class='ocr_line' id='line_1_25' title="bbox 228 2963 1372 3057; baseline -0.003 -20"><span class='ocrx_word' id='word_1_208' title='bbox 228 2973 413 3056; x_wconf 88' lang='grc' dir='ltr'><strong><em>γευομένου</em></strong></span> <span class='ocrx_word' id='word_1_209' title='bbox 441 2973 502 3037; x_wconf 84' lang='grc' dir='ltr'><strong><em>τοῦ</em></strong></span> <span class='ocrx_word' id='word_1_210' title='bbox 528 2972 565 3037; x_wconf 84' lang='grc' dir='ltr'><strong><em>έν</em></strong></span> <span class='ocrx_word' id='word_1_211' title='bbox 588 2972 627 3057; x_wconf 75' lang='grc' dir='ltr'><strong><em>τῇ</em></strong></span> <span class='ocrx_word' id='word_1_212' title='bbox 651 2971 784 3057; x_wconf 88' lang='grc' dir='ltr'><strong><em>πατρίδι</em></strong></span> <span class='ocrx_word' id='word_1_213' title='bbox 808 2963 913 3035; x_wconf 84' lang='grc' dir='ltr'><strong><em>αὐτοῦ</em></strong></span> <span class='ocrx_word' id='word_1_214' title='bbox 937 2971 1030 3055; x_wconf 86' lang='grc' dir='ltr'><strong><em>ίεροῦ</em></strong></span> <span class='ocrx_word' id='word_1_215' title='bbox 1053 2973 1114 3037; x_wconf 89' lang='grc' dir='ltr'><strong><em>τοῦ</em></strong></span> <span class='ocrx_word' id='word_1_216' title='bbox 1139 2968 1232 3049; x_wconf 88' lang='grc' dir='ltr'><strong><em>Διός.</em></strong></span> <span class='ocrx_word' id='word_1_217' title='bbox 1279 2970 1314 3034; x_wconf 87' lang='grc' dir='ltr'><strong><em>οί</em></strong></span> <span class='ocrx_word' id='word_1_218' title='bbox 1335 2966 1372 3035; x_wconf 77' lang='grc' dir='ltr'><strong><em>δὲ</em></strong></span> 
     </span>
    </p>
   </div>
   <div class='ocr_carea' id='block_1_4' title="bbox 228 3177 1377 4542">
    <p class='ocr_par' dir='ltr' id='par_1_8' title="bbox 228 3177 1375 3400">
     <span class='ocr_line' id='line_1_26' title="bbox 228 3177 1374 3253; baseline -0.007 -12"><span class='ocrx_word' id='word_1_219' title='bbox 228 3185 351 3241; x_wconf 73' lang='lat' dir='ltr'><strong><em>videntia</em></strong></span> <span class='ocrx_word' id='word_1_220' title='bbox 369 3183 414 3253; x_wconf 83' lang='grc' dir='ltr'><strong><em>(οί.</em></strong></span> <span class='ocrx_word' id='word_1_221' title='bbox 435 3183 534 3238; x_wconf 76' lang='lat' dir='ltr'><strong>Suidae</strong></span> <span class='ocrx_word' id='word_1_222' title='bbox 554 3201 579 3239; x_wconf 85' lang='lat' dir='ltr'><strong><em>v.</em></strong></span> <span class='ocrx_word' id='word_1_223' title='bbox 596 3177 789 3253; x_wconf 81' lang='grc' dir='ltr'><strong><em>Θεόπομπος),</em></strong></span> <span class='ocrx_word' id='word_1_224' title='bbox 808 3181 910 3236; x_wconf 87' lang='lat' dir='ltr'><strong>merito</strong></span> <span class='ocrx_word' id='word_1_225' title='bbox 928 3200 982 3238; x_wconf 89' lang='lat' dir='ltr'><strong><em>om.</em></strong></span> <span class='ocrx_word' id='word_1_226' title='bbox 1003 3183 1139 3238; x_wconf 67' lang='grc' dir='ltr'><strong><em>λίσσεται.</em></strong></span> <span class='ocrx_word' id='word_1_227' title='bbox 1159 3182 1268 3251; x_wconf 83' lang='lat' dir='ltr'><strong>reliqua</strong></span> <span class='ocrx_word' id='word_1_228' title='bbox 1286 3180 1374 3250; x_wconf 79' lang='lat' dir='ltr'>Hesy-</span> 
     </span>
     <span class='ocr_line' id='line_1_27' title="bbox 230 3260 1375 3333; baseline -0.004 -13"><span class='ocrx_word' id='word_1_229' title='bbox 230 3265 325 3322; x_wconf 77' lang='lat' dir='ltr'><strong>chiis.</strong></span> <span class='ocrx_word' id='word_1_230' title='bbox 345 3265 391 3320; x_wconf 88' lang='lat' dir='ltr'><strong><em>fin.</em></strong></span> <span class='ocrx_word' id='word_1_231' title='bbox 410 3264 524 3320; x_wconf 81' lang='lat' dir='ltr'>addens.</span> <span class='ocrx_word' id='word_1_232' title='bbox 562 3263 601 3317; x_wconf 82' lang='lat' dir='ltr'><strong><em>ef.</em></strong></span> <span class='ocrx_word' id='word_1_233' title='bbox 625 3279 698 3331; x_wconf 80' lang='lat' dir='ltr'>quae</span> <span class='ocrx_word' id='word_1_234' title='bbox 721 3261 779 3315; x_wconf 86' lang='lat' dir='ltr'>dixi</span> <span class='ocrx_word' id='word_1_235' title='bbox 797 3261 868 3315; x_wconf 78' lang='lat' dir='ltr'>Mus.</span> <span class='ocrx_word' id='word_1_236' title='bbox 888 3261 976 3320; x_wconf 81' lang='lat' dir='ltr'><strong>Rhen.</strong></span> <span class='ocrx_word' id='word_1_237' title='bbox 995 3262 1098 3317; x_wconf 85' lang='lat' dir='ltr'>XXXV</span> <span class='ocrx_word' id='word_1_238' title='bbox 1117 3281 1144 3333; x_wconf 84' lang='lat' dir='ltr'><strong><em>p.</em></strong></span> <span class='ocrx_word' id='word_1_239' title='bbox 1160 3269 1212 3318; x_wconf 78' lang='lat'><strong><em>204</em></strong></span> <span class='ocrx_word' id='word_1_240' title='bbox 1282 3269 1315 3317; x_wconf 88' lang='grc'><strong><em>13</em></strong></span> <span class='ocrx_word' id='word_1_241' title='bbox 1335 3260 1375 3324; x_wconf 88' lang='grc' dir='ltr'><strong><em>είς</em></strong></span> 
     </span>
     <span class='ocr_line' id='line_1_28' title="bbox 229 3341 493 3400; baseline -0.019 0"><span class='ocrx_word' id='word_1_242' title='bbox 229 3341 279 3400; x_wconf 83' lang='grc' dir='ltr'><strong><em>τὸν</em></strong></span> <span class='ocrx_word' id='word_1_243' title='bbox 298 3344 367 3398; x_wconf 78' lang='grc' dir='ltr'><strong><em>νοῦν</em></strong></span> <span class='ocrx_word' id='word_1_244' title='bbox 386 3348 493 3396; x_wconf 74' lang='lat' dir='ltr'><strong><em>Am</em></strong></span> 
     </span>
    </p>

    <p class='ocr_par' dir='ltr' id='par_1_9' title="bbox 230 3418 1377 4222">
     <span class='ocr_line' id='line_1_29' title="bbox 300 3418 1266 3494; baseline -0.001 -17"><span class='ocrx_word' id='word_1_245' title='bbox 300 3424 467 3480; x_wconf 73' lang='lat' dir='ltr'>LXXXVIII</span> <span class='ocrx_word' id='word_1_246' title='bbox 485 3424 685 3493; x_wconf 72' lang='lat' dir='ltr'>Eud.p.115;</span> <span class='ocrx_word' id='word_1_247' title='bbox 704 3423 807 3477; x_wconf 75' lang='grc' dir='ltr'><strong><em>Κιιικιι</em></strong></span> <span class='ocrx_word' id='word_1_248' title='bbox 826 3423 837 3475; x_wconf 95' lang='lat' dir='ltr'>I</span> <span class='ocrx_word' id='word_1_249' title='bbox 856 3441 882 3492; x_wconf 86' lang='lat' dir='ltr'><strong><em>p.</em></strong></span> <span class='ocrx_word' id='word_1_250' title='bbox 897 3428 950 3477; x_wconf 76' lang='grc' dir='ltr'><strong><em>ιιι</em></strong></span> <span class='ocrx_word' id='word_1_251' title='bbox 1024 3429 1056 3477; x_wconf 80' lang='grc' dir='ltr'><strong><em>ιο</em></strong></span> <span class='ocrx_word' id='word_1_252' title='bbox 1072 3418 1225 3494; x_wconf 54' lang='lat' dir='ltr'><strong><em>&#39;aemalae</em></strong></span> <span class='ocrx_word' id='word_1_253' title='bbox 1243 3429 1266 3476; x_wconf 78' lang='grc' dir='ltr'><strong><em>ι</em></strong></span> 
     </span>
     <span class='ocr_line' id='line_1_30' title="bbox 232 3497 1374 3574; baseline -0.002 -14"><span class='ocrx_word' id='word_1_254' title='bbox 232 3513 264 3560; x_wconf 88' lang='grc'><strong><em>16</em></strong></span> <span class='ocrx_word' id='word_1_255' title='bbox 283 3503 441 3574; x_wconf 83' lang='grc' dir='ltr'><strong><em>ουντέθηιιε</em></strong></span> <span class='ocrx_word' id='word_1_256' title='bbox 461 3500 495 3559; x_wconf 81' lang='grc' dir='ltr'><strong><em>τά</em></strong></span> <span class='ocrx_word' id='word_1_257' title='bbox 512 3535 544 3544; x_wconf 98' lang='grc'>-</span> <span class='ocrx_word' id='word_1_258' title='bbox 560 3503 635 3558; x_wconf 83' lang='grc' dir='ltr'><strong><em>Εκδ.</em></strong></span> <span class='ocrx_word' id='word_1_259' title='bbox 704 3509 736 3558; x_wconf 82' lang='grc'><strong><em>17</em></strong></span> <span class='ocrx_word' id='word_1_260' title='bbox 753 3497 833 3571; x_wconf 84' lang='grc' dir='ltr'><strong><em>Ἀριμ</em></strong></span> <span class='ocrx_word' id='word_1_261' title='bbox 852 3521 902 3573; x_wconf 84' lang='lat' dir='ltr'><strong><em>pro</em></strong></span> <span class='ocrx_word' id='word_1_262' title='bbox 921 3505 1092 3574; x_wconf 77' lang='lat' dir='ltr'><strong>glossemate</strong></span> <span class='ocrx_word' id='word_1_263' title='bbox 1110 3506 1197 3560; x_wconf 79' lang='lat' dir='ltr'><strong>habet</strong></span> <span class='ocrx_word' id='word_1_264' title='bbox 1212 3503 1374 3559; x_wconf 71' lang='grc' dir='ltr'><strong><em>Θαλεαίυκίδ</em></strong></span> 
     </span>
     <span class='ocr_line' id='line_1_31' title="bbox 232 3583 1376 3656; baseline -0.002 -15"><span class='ocrx_word' id='word_1_265' title='bbox 232 3593 264 3641; x_wconf 89' lang='grc'><strong><em>18</em></strong></span> <span class='ocrx_word' id='word_1_266' title='bbox 280 3586 373 3641; x_wconf 81' lang='lat' dir='ltr'>Verba</span> <span class='ocrx_word' id='word_1_267' title='bbox 390 3586 499 3641; x_wconf 72' lang='lat' dir='ltr'><strong>seclusa</strong></span> <span class='ocrx_word' id='word_1_268' title='bbox 512 3602 546 3640; x_wconf 83' lang='lat' dir='ltr'><strong><em>ex</em></strong></span> <span class='ocrx_word' id='word_1_269' title='bbox 560 3585 616 3640; x_wconf 77' lang='lat' dir='ltr'>alio</span> <span class='ocrx_word' id='word_1_270' title='bbox 631 3585 709 3640; x_wconf 82' lang='lat' dir='ltr'><strong>fonte</strong></span> <span class='ocrx_word' id='word_1_271' title='bbox 723 3584 806 3653; x_wconf 75' lang='lat' dir='ltr'><strong>(Max.</strong></span> <span class='ocrx_word' id='word_1_272' title='bbox 817 3585 882 3653; x_wconf 81' lang='lat' dir='ltr'>Tyr.</span> <span class='ocrx_word' id='word_1_273' title='bbox 893 3584 957 3638; x_wconf 88' lang='lat' dir='ltr'><strong><em>XVI</em></strong></span> <span class='ocrx_word' id='word_1_274' title='bbox 967 3603 992 3654; x_wconf 83' lang='lat' dir='ltr'><strong><em>p.</em></strong></span> <span class='ocrx_word' id='word_1_275' title='bbox 1008 3589 1060 3638; x_wconf 83' lang='grc'><strong><em>288</em></strong></span> <span class='ocrx_word' id='word_1_276' title='bbox 1080 3587 1110 3639; x_wconf 82' lang='lat' dir='ltr'><strong><em>et</em></strong></span> <span class='ocrx_word' id='word_1_277' title='bbox 1118 3583 1260 3639; x_wconf 85' lang='lat' dir='ltr'>XXXVIII</span> <span class='ocrx_word' id='word_1_278' title='bbox 1274 3603 1301 3656; x_wconf 88' lang='lat' dir='ltr'><strong><em>p.</em></strong></span> <span class='ocrx_word' id='word_1_279' title='bbox 1312 3588 1376 3653; x_wconf 84' lang='grc'><strong>222)</strong></span> 
     </span>
     <span class='ocr_line' id='line_1_32' title="bbox 230 3663 1377 3735; baseline -0.001 -15"><span class='ocrx_word' id='word_1_280' title='bbox 230 3668 420 3735; x_wconf 78' lang='lat' dir='ltr'><strong>accesserunt,</strong></span> <span class='ocrx_word' id='word_1_281' title='bbox 439 3666 538 3720; x_wconf 80' lang='lat' dir='ltr'><strong>eadem</strong></span> <span class='ocrx_word' id='word_1_282' title='bbox 557 3666 673 3734; x_wconf 74' lang='lat' dir='ltr'><strong>praebet</strong></span> <span class='ocrx_word' id='word_1_283' title='bbox 688 3665 876 3720; x_wconf 82' lang='grc' dir='ltr'><strong><em>Ρειαδο-Ηιε.</em></strong></span> <span class='ocrx_word' id='word_1_284' title='bbox 892 3682 914 3718; x_wconf 84' lang='grc' dir='ltr'><strong><em>α.</em></strong></span> <span class='ocrx_word' id='word_1_285' title='bbox 930 3672 954 3720; x_wconf 84' lang='grc'><strong><em>2.</em></strong></span> <span class='ocrx_word' id='word_1_286' title='bbox 985 3663 1025 3719; x_wconf 85' lang='lat' dir='ltr'><strong><em>Cf.</em></strong></span> <span class='ocrx_word' id='word_1_287' title='bbox 1045 3664 1115 3718; x_wconf 76' lang='lat' dir='ltr'>Mus.</span> <span class='ocrx_word' id='word_1_288' title='bbox 1135 3663 1223 3722; x_wconf 83' lang='lat' dir='ltr'>Rhen.</span> <span class='ocrx_word' id='word_1_289' title='bbox 1243 3665 1309 3733; x_wconf 84' lang='grc' dir='ltr'><strong><em>1.ι.,</em></strong></span> <span class='ocrx_word' id='word_1_290' title='bbox 1328 3664 1377 3719; x_wconf 89' lang='lat' dir='ltr'><strong><em>ubi</em></strong></span> 
     </span>
     <span class='ocr_line' id='line_1_33' title="bbox 231 3737 1255 3815; baseline -0.004 -14"><span class='ocrx_word' id='word_1_291' title='bbox 231 3745 329 3815; x_wconf 86' lang='grc' dir='ltr'><strong><em>γέγονε</em></strong></span> <span class='ocrx_word' id='word_1_292' title='bbox 350 3764 406 3815; x_wconf 79' lang='lat' dir='ltr'>seq.</span> <span class='ocrx_word' id='word_1_293' title='bbox 426 3747 490 3815; x_wconf 84' lang='lat' dir='ltr'><strong>post</strong></span> <span class='ocrx_word' id='word_1_294' title='bbox 510 3740 644 3807; x_wconf 73' lang='grc' dir='ltr'><strong><em>ἐποποιός</em></strong></span> <span class='ocrx_word' id='word_1_295' title='bbox 662 3744 826 3799; x_wconf 73' lang='lat' dir='ltr'>collocanda</span> <span class='ocrx_word' id='word_1_296' title='bbox 844 3744 939 3799; x_wconf 87' lang='lat' dir='ltr'><strong>monui</strong></span> <span class='ocrx_word' id='word_1_297' title='bbox 1010 3738 1080 3799; x_wconf 81' lang='grc' dir='ltr'><strong><em>ὅταν</em></strong></span> <span class='ocrx_word' id='word_1_298' title='bbox 1100 3749 1123 3796; x_wconf 82' lang='grc' dir='ltr'><strong>Δ</strong></span> <span class='ocrx_word' id='word_1_299' title='bbox 1142 3737 1187 3800; x_wconf 81' lang='grc' dir='ltr'><strong><em>ὅτε</em></strong></span> <span class='ocrx_word' id='word_1_300' title='bbox 1208 3749 1255 3797; x_wconf 77' lang='grc' dir='ltr'><strong><em>ΒΕ</em></strong></span> 
     </span>
     <span class='ocr_line' id='line_1_34' title="bbox 233 3820 1376 3897; baseline -0.002 -17"><span class='ocrx_word' id='word_1_301' title='bbox 233 3833 265 3881; x_wconf 81' lang='grc'><strong><em>19</em></strong></span> <span class='ocrx_word' id='word_1_302' title='bbox 285 3821 384 3895; x_wconf 84' lang='grc' dir='ltr'><strong><em>ὀλυμπ.</em></strong></span> <span class='ocrx_word' id='word_1_303' title='bbox 399 3823 446 3896; x_wconf 81' lang='grc' dir='ltr'><strong><em>ιη’</em></strong></span> <span class='ocrx_word' id='word_1_304' title='bbox 460 3842 511 3897; x_wconf 90' lang='lat' dir='ltr'><strong><em>pro</em></strong></span> <span class='ocrx_word' id='word_1_305' title='bbox 526 3821 566 3881; x_wconf 84' lang='grc' dir='ltr'><strong><em>ὄλ,</em></strong></span> <span class='ocrx_word' id='word_1_306' title='bbox 581 3823 609 3880; x_wconf 89' lang='grc' dir='ltr'><strong><em>ν’</em></strong></span> <span class='ocrx_word' id='word_1_307' title='bbox 627 3822 667 3894; x_wconf 82' lang='grc' dir='ltr'><strong><em>(ν’</em></strong></span> <span class='ocrx_word' id='word_1_308' title='bbox 678 3831 701 3878; x_wconf 78' lang='grc' dir='ltr'><strong>Δ</strong></span> <span class='ocrx_word' id='word_1_309' title='bbox 715 3826 750 3881; x_wconf 80' lang='lat' dir='ltr'><strong><em>al.</em></strong></span> <span class='ocrx_word' id='word_1_310' title='bbox 767 3820 796 3893; x_wconf 85' lang='grc' dir='ltr'><strong><em>η’</em></strong></span> <span class='ocrx_word' id='word_1_311' title='bbox 806 3826 867 3895; x_wconf 85' lang='lat' dir='ltr'><strong>rel.)</strong></span> <span class='ocrx_word' id='word_1_312' title='bbox 881 3825 1031 3895; x_wconf 81' lang='lat' dir='ltr'>legendum</span> <span class='ocrx_word' id='word_1_313' title='bbox 1049 3842 1106 3880; x_wconf 77' lang='lat' dir='ltr'>esse</span> <span class='ocrx_word' id='word_1_314' title='bbox 1120 3825 1260 3894; x_wconf 76' lang='lat' dir='ltr'><strong>persuasit</strong></span> <span class='ocrx_word' id='word_1_315' title='bbox 1273 3824 1376 3890; x_wconf 74' lang='grc' dir='ltr'><strong><em>Ιλοίαίι,</em></strong></span> 
     </span>
     <span class='ocr_line' id='line_1_35' title="bbox 231 3900 1377 3976; baseline -0.003 -15"><span class='ocrx_word' id='word_1_316' title='bbox 231 3907 300 3961; x_wconf 77' lang='grc' dir='ltr'><strong><em>Μαι.</em></strong></span> <span class='ocrx_word' id='word_1_317' title='bbox 316 3906 403 3960; x_wconf 89' lang='lat' dir='ltr'><strong>Rhen.</strong></span> <span class='ocrx_word' id='word_1_318' title='bbox 419 3904 536 3960; x_wconf 88' lang='lat' dir='ltr'>XXXIII</span> <span class='ocrx_word' id='word_1_319' title='bbox 550 3924 577 3976; x_wconf 92' lang='lat' dir='ltr'><strong><em>p.</em></strong></span> <span class='ocrx_word' id='word_1_320' title='bbox 595 3909 643 3959; x_wconf 83' lang='lat'><strong><em>181</em></strong></span> <span class='ocrx_word' id='word_1_321' title='bbox 663 3908 720 3960; x_wconf 86' lang='lat' dir='ltr'><strong>not.</strong></span> <span class='ocrx_word' id='word_1_322' title='bbox 735 3912 761 3960; x_wconf 86' lang='grc'><strong><em>3.</em></strong></span> <span class='ocrx_word' id='word_1_323' title='bbox 798 3900 886 3976; x_wconf 84' lang='grc' dir='ltr'><strong><em>ὀγδόη</em></strong></span> <span class='ocrx_word' id='word_1_324' title='bbox 905 3910 928 3957; x_wconf 83' lang='lat' dir='ltr'>V</span> <span class='ocrx_word' id='word_1_325' title='bbox 982 3912 1016 3961; x_wconf 91' lang='grc'><strong><em>20</em></strong></span> <span class='ocrx_word' id='word_1_326' title='bbox 1035 3905 1233 3974; x_wconf 83' lang='grc' dir='ltr'><strong><em>καταλογάδην</em></strong></span> <span class='ocrx_word' id='word_1_327' title='bbox 1249 3901 1312 3960; x_wconf 87' lang='grc' dir='ltr'><strong><em>τινά</em></strong></span> <span class='ocrx_word' id='word_1_328' title='bbox 1328 3905 1377 3959; x_wconf 77' lang='grc' dir='ltr'><strong><em>καὶ</em></strong></span> 
     </span>
     <span class='ocr_line' id='line_1_36' title="bbox 232 3982 1377 4055; baseline -0.003 -14"><span class='ocrx_word' id='word_1_329' title='bbox 232 3988 314 4054; x_wconf 85' lang='grc' dir='ltr'><strong><em>Θεογ.</em></strong></span> <span class='ocrx_word' id='word_1_330' title='bbox 330 3987 467 4041; x_wconf 76' lang='grc' dir='ltr'><strong><em>Κκείοιιιε</em></strong></span> <span class='ocrx_word' id='word_1_331' title='bbox 480 3982 687 4054; x_wconf 84' lang='grc' dir='ltr'><strong><em>καταλογάδην,</em></strong></span> <span class='ocrx_word' id='word_1_332' title='bbox 701 3984 750 4039; x_wconf 79' lang='grc' dir='ltr'><strong><em>καὶ</em></strong></span> <span class='ocrx_word' id='word_1_333' title='bbox 765 3988 847 4054; x_wconf 80' lang='grc' dir='ltr'><strong><em>Θεογ.</em></strong></span> <span class='ocrx_word' id='word_1_334' title='bbox 864 3985 997 4055; x_wconf 77' lang='grc' dir='ltr'><strong><em>Τοκμίαε,</em></strong></span> <span class='ocrx_word' id='word_1_335' title='bbox 1016 3984 1148 4041; x_wconf 75' lang='lat' dir='ltr'><strong>notItiam</strong></span> <span class='ocrx_word' id='word_1_336' title='bbox 1163 3985 1198 4038; x_wconf 80' lang='lat' dir='ltr'><strong><em>de</em></strong></span> <span class='ocrx_word' id='word_1_337' title='bbox 1212 3984 1377 4054; x_wconf 78' lang='lat' dir='ltr'>Theogonia</span> 
     </span>
     <span class='ocr_line' id='line_1_37' title="bbox 232 4062 1376 4138; baseline -0.004 -17"><span class='ocrx_word' id='word_1_338' title='bbox 232 4065 394 4121; x_wconf 76' lang='lat' dir='ltr'><strong>mendacem</strong></span> <span class='ocrx_word' id='word_1_339' title='bbox 418 4084 478 4122; x_wconf 80' lang='lat' dir='ltr'>esse</span> <span class='ocrx_word' id='word_1_340' title='bbox 501 4067 613 4138; x_wconf 81' lang='lat' dir='ltr'><strong>putavit</strong></span> <span class='ocrx_word' id='word_1_341' title='bbox 630 4068 731 4134; x_wconf 77' lang='grc' dir='ltr'><strong><em>Ηίλίιν,</em></strong></span> <span class='ocrx_word' id='word_1_342' title='bbox 750 4068 819 4122; x_wconf 82' lang='lat' dir='ltr'>Mus.</span> <span class='ocrx_word' id='word_1_343' title='bbox 838 4066 926 4121; x_wconf 86' lang='lat' dir='ltr'><strong>Rhen.</strong></span> <span class='ocrx_word' id='word_1_344' title='bbox 946 4066 1063 4120; x_wconf 84' lang='lat' dir='ltr'>XXXIII</span> <span class='ocrx_word' id='word_1_345' title='bbox 1082 4085 1109 4136; x_wconf 88' lang='lat' dir='ltr'><strong><em>p.</em></strong></span> <span class='ocrx_word' id='word_1_346' title='bbox 1127 4070 1186 4119; x_wconf 78' lang='grc'><strong>522.</strong></span> <span class='ocrx_word' id='word_1_347' title='bbox 1225 4062 1265 4118; x_wconf 85' lang='lat' dir='ltr'><strong><em>Cf.</em></strong></span> <span class='ocrx_word' id='word_1_348' title='bbox 1286 4063 1376 4132; x_wconf 79' lang='lat' dir='ltr'>Daub,</span> 
     </span>
     <span class='ocr_line' id='line_1_38' title="bbox 232 4142 1188 4222; baseline -0.007 -19"><span class='ocrx_word' id='word_1_349' title='bbox 232 4148 267 4203; x_wconf 79' lang='lat' dir='ltr'><strong><em>de</em></strong></span> <span class='ocrx_word' id='word_1_350' title='bbox 287 4145 363 4201; x_wconf 84' lang='lat' dir='ltr'>Suid.</span> <span class='ocrx_word' id='word_1_351' title='bbox 381 4165 408 4216; x_wconf 85' lang='lat' dir='ltr'><strong><em>p.</em></strong></span> <span class='ocrx_word' id='word_1_352' title='bbox 424 4153 484 4202; x_wconf 78' lang='lat'>417.</span> <span class='ocrx_word' id='word_1_353' title='bbox 522 4146 651 4203; x_wconf 80' lang='lat' dir='ltr'><strong>Ceterum</strong></span> <span class='ocrx_word' id='word_1_354' title='bbox 670 4146 724 4215; x_wconf 78' lang='grc' dir='ltr'><strong><em>ἔπη</em></strong></span> <span class='ocrx_word' id='word_1_355' title='bbox 744 4142 783 4222; x_wconf 57' lang='grc' dir='ltr'><strong><em>,α’</em></strong></span> <span class='ocrx_word' id='word_1_356' title='bbox 803 4163 856 4202; x_wconf 89' lang='lat' dir='ltr'><strong><em>om.</em></strong></span> <span class='ocrx_word' id='word_1_357' title='bbox 872 4147 947 4203; x_wconf 84' lang='grc' dir='ltr'><strong><em>Εκδ.</em></strong></span> <span class='ocrx_word' id='word_1_358' title='bbox 968 4144 1006 4221; x_wconf 62' lang='grc' dir='ltr'><strong><em>,α’</em></strong></span> <span class='ocrx_word' id='word_1_359' title='bbox 1027 4164 1080 4202; x_wconf 89' lang='lat' dir='ltr'><strong><em>om.</em></strong></span> <span class='ocrx_word' id='word_1_360' title='bbox 1095 4150 1118 4196; x_wconf 84' lang='lat' dir='ltr'>v</span> <span class='ocrx_word' id='word_1_361' title='bbox 1186 4181 1188 4184; x_wconf 21' lang='grc' dir='ltr'><strong><em>ι</em></strong></span> 
     </span>
    </p>

    <p class='ocr_par' dir='ltr' id='par_1_10' title="bbox 233 4223 1375 4542">
     <span class='ocr_line' id='line_1_39' title="bbox 303 4223 1375 4299; baseline -0.003 -16"><span class='ocrx_word' id='word_1_362' title='bbox 303 4225 443 4292; x_wconf 85' lang='lat' dir='ltr'>LXXXIX</span> <span class='ocrx_word' id='word_1_363' title='bbox 462 4227 537 4282; x_wconf 66' lang='lat' dir='ltr'><strong><em>Eud.</em></strong></span> <span class='ocrx_word' id='word_1_364' title='bbox 552 4246 579 4296; x_wconf 91' lang='lat' dir='ltr'><strong><em>p.</em></strong></span> <span class='ocrx_word' id='word_1_365' title='bbox 593 4234 651 4295; x_wconf 85' lang='lat'>111,</span> <span class='ocrx_word' id='word_1_366' title='bbox 666 4243 738 4297; x_wconf 78' lang='lat' dir='ltr'>quae</span> <span class='ocrx_word' id='word_1_367' title='bbox 752 4243 805 4281; x_wconf 90' lang='lat' dir='ltr'><strong><em>om.</em></strong></span> <span class='ocrx_word' id='word_1_368' title='bbox 821 4227 925 4299; x_wconf 82' lang='grc' dir='ltr'><strong><em>Πολέμ.</em></strong></span> <span class='ocrx_word' id='word_1_369' title='bbox 936 4260 969 4268; x_wconf 90' lang='grc'>-</span> <span class='ocrx_word' id='word_1_370' title='bbox 983 4223 1115 4297; x_wconf 84' lang='grc' dir='ltr'><strong><em>μαθητής</em></strong></span> <span class='ocrx_word' id='word_1_371' title='bbox 1128 4228 1272 4294; x_wconf 66' lang='lat' dir='ltr'><strong>totamque</strong></span> <span class='ocrx_word' id='word_1_372' title='bbox 1287 4226 1375 4280; x_wconf 71' lang='grc' dir='ltr'><strong><em>είλετο</em></strong></span> 
     </span>
     <span class='ocr_line' id='line_1_40' title="bbox 233 4303 1375 4379; baseline -0.004 -13"><span class='ocrx_word' id='word_1_373' title='bbox 233 4327 301 4366; x_wconf 80' lang='lat' dir='ltr'>voce</span> <span class='ocrx_word' id='word_1_374' title='bbox 319 4304 474 4379; x_wconf 59' lang='grc' dir='ltr'><strong><em>γενόχὴνου</em></strong></span> <span class='ocrx_word' id='word_1_375' title='bbox 493 4307 662 4361; x_wconf 74' lang='lat' dir='ltr'><strong>terminavit.</strong></span> <span class='ocrx_word' id='word_1_376' title='bbox 700 4307 740 4362; x_wconf 81' lang='lat' dir='ltr'><strong><em>Os.</em></strong></span> <span class='ocrx_word' id='word_1_377' title='bbox 760 4307 921 4363; x_wconf 76' lang='lat' dir='ltr'><strong>Philostrat.</strong></span> <span class='ocrx_word' id='word_1_378' title='bbox 935 4308 991 4363; x_wconf 92' lang='lat' dir='ltr'><strong><em>Vit.</em></strong></span> <span class='ocrx_word' id='word_1_379' title='bbox 1011 4306 1096 4376; x_wconf 85' lang='lat' dir='ltr'>Soph.</span> <span class='ocrx_word' id='word_1_380' title='bbox 1116 4306 1184 4373; x_wconf 80' lang='grc' dir='ltr'><strong><em>11,ο</em></strong></span> <span class='ocrx_word' id='word_1_381' title='bbox 1243 4311 1277 4359; x_wconf 87' lang='grc'><strong><em>24</em></strong></span> <span class='ocrx_word' id='word_1_382' title='bbox 1297 4303 1326 4360; x_wconf 87' lang='grc' dir='ltr'><strong><em>οί</em></strong></span> <span class='ocrx_word' id='word_1_383' title='bbox 1343 4304 1375 4361; x_wconf 75' lang='grc' dir='ltr'><strong><em>δὲ</em></strong></span> 
     </span>
     <span class='ocr_line' id='line_1_41' title="bbox 234 4382 1375 4462; baseline -0.005 -16"><span class='ocrx_word' id='word_1_384' title='bbox 234 4387 400 4462; x_wconf 79' lang='grc' dir='ltr'><strong><em>Εὐδαίμονα</em></strong></span> <span class='ocrx_word' id='word_1_385' title='bbox 419 4382 453 4443; x_wconf 81' lang='grc' dir='ltr'><strong><em>οά</em></strong></span> <span class='ocrx_word' id='word_1_386' title='bbox 477 4383 527 4441; x_wconf 82' lang='grc' dir='ltr'><strong><em>τὸν</em></strong></span> <span class='ocrx_word' id='word_1_387' title='bbox 545 4386 654 4456; x_wconf 82' lang='grc' dir='ltr'><strong><em>πατέρα</em></strong></span> <span class='ocrx_word' id='word_1_388' title='bbox 678 4382 739 4443; x_wconf 70' lang='grc' dir='ltr'><strong><em>ἄλλ’</em></strong></span> <span class='ocrx_word' id='word_1_389' title='bbox 759 4385 847 4443; x_wconf 78' lang='grc' dir='ltr'><strong><em>αὐτὸν</em></strong></span> <span class='ocrx_word' id='word_1_390' title='bbox 869 4385 1010 4457; x_wconf 84' lang='grc' dir='ltr'><strong><em>γράφουσι</em></strong></span> <span class='ocrx_word' id='word_1_391' title='bbox 1029 4387 1205 4451; x_wconf 61' lang='lat' dir='ltr'><em>Mammas,</em></span> <span class='ocrx_word' id='word_1_392' title='bbox 1228 4386 1278 4442; x_wconf 83' lang='lat' dir='ltr'><strong>vit.</strong></span> <span class='ocrx_word' id='word_1_393' title='bbox 1298 4384 1375 4441; x_wconf 81' lang='lat' dir='ltr'>Ar.2</span> 
     </span>
     <span class='ocr_line' id='line_1_42' title="bbox 234 4466 539 4542; baseline -0.007 -16"><span class='ocrx_word' id='word_1_394' title='bbox 234 4466 382 4542; x_wconf 74' lang='grc' dir='ltr'><strong><em>Εὐαίμονα</em></strong></span> <span class='ocrx_word' id='word_1_395' title='bbox 403 4468 539 4525; x_wconf 67' lang='grc' dir='ltr'><strong><em>λίσείεεαι.</em></strong></span> 
     </span>
    </p>
   </div>
   <div class='ocr_carea' id='block_1_5' title="bbox 0 0 1529 5114">
    <p class='ocr_par' dir='ltr' id='par_1_11' title="bbox 0 0 1529 5114">
     <span class='ocr_line' id='line_1_43' title="bbox 0 0 1529 5114; baseline 0 0"><span class='ocrx_word' id='word_1_396' title='bbox 0 0 1529 5114; x_wconf 95' lang='lat' dir='ltr'><strong><em> </em></strong></span> 
     </span>
    </p>
   </div>
  </div>
 </body>
</html>
