3036 5114
202 320 268 386 254
677 322 872 393 Appwmx.

202 483 471 572 όποδεικνόντα’,
493 489 549 555 καὶ
573 488 609 555 ἐν
632 501 702 568 τοῖς
724 484 858 574 ῇθικοϊς
881 492 1131 577 Νικομαχείοις·
1154 488 1275 578 ’φίλος
1293 486 1361 579 μὲν

203 593 221 662 ὁ
253 593 357 681 ἀνήρ,
390 601 470 683 φίλη
505 594 542 663 δὲ
574 592 595 683 ῇ
623 592 822 683 ό<λῇθεια>·
855 594 982 684 ἀμφοῖν
1015 597 1052 666 δὲ
1082 603 1198 685 φίλοιν
1226 597 1360 686 ὄντοιν,

203 699 299 770 ὅσιον
331 707 497 790 προτιμᾶν
524 700 586 790 τὴν
613 700 806 790 ἆλήθειαν’,
835 704 891 771 καὶ
919 706 956 772 ἐν
984 718 1053 784 τοῖς
1075 703 1269 792 μετεώροις·
1293 697 1359 774 ’ὧν

204 808 263 894 (τὰ
288 811 349 898 μὲν
372 808 597 900 όπορο>ὖμεν,
620 815 688 881 τῶν
712 812 749 880 δὲ
773 811 991 900 ἐφαπτόμεθό
1014 839 1090 882 τινα
1112 810 1267 900 τρόπον’,
1296 813 1355 880 καί

176 918 240 985 ιέν
268 933 338 1000 τοῖς
370 917 497 1000 αὐτοῖς·
530 915 612 1005 “οὐχ
640 916 740 1005 ἅπαξ,
770 916 849 987 οὐδὲ
880 922 946 1005 δίς,
973 915 1046 987 ἀλλ’
1073 916 1267 1008 (ἀπειράκις
1293 917 1357 999 τὰς

203 1022 325 1113 αότδις>
349 1033 506 1113 γίνεσθαι
529 1039 599 1106 τοῖς
622 1022 817 1114 ἀνθρώποις
842 1024 952 1111 δόξας,
975 1029 1033 1094 ἵνα
1051 1023 1096 1114 μῇ
1114 1027 1197 1114 μέγα
1216 1029 1354 1113 φρονῶ-

203 1158 265 1220 μεν
285 1129 341 1218 ἐφ’
369 1127 418 1212 οἷς
441 1129 608 1220 εὑρίσκειν
628 1133 814 1220 δοκοῦμεν.
846 1132 901 1199 καὶ
920 1136 1091 1217 <τοιοῦτος
1109 1134 1171 1221 μὲν
1188 1130 1273 1201 κατὰ
1291 1132 1354 1201 τὸν

202 1243 279 1324 βίον
312 1240 443 1326 γε’γονει
477 1236 494 1307 ὁ
528 1237 747 1326 φιλόσοφος>
802 1240 990 1327 προσέθηκε
1023 1239 1060 1308 δὲ
1091 1243 1131 1329 τῇ
1163 1246 1353 1330 φιλοσοφίᾳ

201 1350 302 1414 πλείω
330 1337 380 1415 τόν
406 1344 484 1435 παρ’
515 1344 616 1435 αὐτῇς
644 1343 842 1435 ἆνελέξατο.]
876 1349 938 1434 (τῇ
965 1345 1048 1434 μὲν)
1075 1343 1181 1435 ῇθικῇ
1216 1342 1255 1414 τὸ
1288 1344 1353 1432 τὴν

163 1477 188 1517 10
202 1451 422 1540 εὐδαιμονίαν
453 1453 535 1541 μήτε
568 1437 605 1523 ἐν
632 1467 702 1534 τοῖς
730 1451 822 1533 ἐκτὸς
849 1451 1090 1539 ἀποτίθεσθαι,
1124 1450 1169 1534 ὡς
1195 1449 1214 1521 ό
1243 1453 1351 1533 πολύς

201 1560 340 1646 <λαός>,
363 1562 443 1648 μήτε
468 1565 504 1630 ἐν
528 1566 567 1649 τῇ
592 1565 680 1648 ψυχῇ
704 1560 829 1647 μόνον,
860 1557 904 1641 ὥς
927 1557 945 1628 ὁ
970 1560 1133 1647 Πλάτων,
1160 1556 1234 1628 ἀλλ’
1261 1565 1351 1647 ἔχειν

201 1666 263 1752 μὲν
286 1666 323 1735 τὸ
348 1672 451 1756 κῦρος
474 1670 511 1736 ἐν
534 1671 637 1756 ψυχῇ,
666 1669 870 1753 ῥυπαίνεθαι
895 1668 932 1737 δὲ
954 1669 1011 1737 καὶ
1033 1674 1216 1755 θλίβεσθαι
1239 1666 1350 1754 μόνον

201 1771 307 1862 αὐτὴν
334 1772 400 1844 ὑπὸ
431 1779 499 1845 τῶν
528 1774 620 1855 ἐκτὸς
647 1772 691 1861 μὴ
721 1765 759 1842 εὖ
787 1774 948 1862 ἐχόντων,
985 1780 1113 1858 οίκείως
1140 1788 1213 1854 ταῖς
1242 1775 1350 1855 λέξεσι

200 1881 422 1970 χρησάμενος,
454 1885 510 1951 καὶ
539 1880 604 1971 γὰρ
632 1879 672 1949 τὰ
700 1880 895 1969 ῥνποόμενα
924 1886 1026 1950 ἔνδον
1054 1880 1135 1951 αὐτὸ
1164 1879 1201 1950 τὸ
1224 1880 1349 1961 κάλλος

161 2014 187 2054 ιι
201 1993 282 2077 ἔχει,
312 1991 490 2078 κρύπτεται
517 1991 554 2059 δὲ
577 1988 659 2058 κατὰ
683 1988 793 2077 μόνην
816 1988 877 2076 τὴν
900 1990 1113 2076 ἐπιφάνειαν,
1138 1988 1192 2056 καλ
1214 1987 1256 2057 τὰ
1278 2015 1348 2075 τρι-

200 2098 337 2183 βόμενα,
360 2096 397 2167 τό
422 2096 504 2167 αὐτὸ
528 2101 672 2186 μέγεθος
695 2103 812 2185 ἔχοντα
836 2094 907 2165 κατ’
929 2094 1106 2184 ἀλήθειαν,
1130 2095 1252 2165 ἐλάττω
1271 2101 1347 2182 φαί-

164 2215 293 2272 8νεται
316 2203 435 2293 μόνον.
471 2209 510 2295 τῇ
535 2206 571 2274 δὲ
595 2208 799 2294 φυσιολογίᾳ
821 2205 1010 2291 προσέθηκε
1032 2201 1100 2292 τῇιι
1117 2204 1266 2291 πέμπτην
1291 2202 1349 2271 οὗ·

201 2317 279 2380 σίαν
310 2313 366 2380 καὶ
398 2311 435 2381 τὸ
469 2310 542 2379 κατ’
577 2308 735 2398 είσδοχῇν
768 2307 863 2398 ὁρᾶν.
917 2314 956 2398 τῇ
990 2310 1027 2379 δὲ
1060 2313 1275 2398 μαθηματικῇ
1308 2307 1347 2377 τό

200 2415 374 2505 όξύγωνον
396 2416 483 2487 εἶναι
508 2417 569 2488 τὸν
593 2422 705 2487 κῶνον
722 2421 791 2486 τῶν
810 2415 921 2499 ὄψεων
950 2415 1063 2487 διὰτὸ
1088 2418 1244 2487 ε’πιπλέον
1266 2442 1348 2504 προ-

158 2526 286 2595 ισΐέναι
309 2525 371 2616 τῇν
395 2524 475 2608 όψιν
500 2515 542 2594 οὗ
566 2523 628 2616 ὁρᾷ
651 2525 828 2613 μεγέθους,
850 2524 906 2591 καὶ
929 2521 1010 2591 κατὰ
1033 2533 1132 2593 τοῦτο
1156 2523 1220 2612 γὰρ
1244 2521 1349 2592 οὐδὲν
1433 2576 1438 2580 -

197 2638 266 2704 τῶν
296 2631 502 2723 ὁρμωμένων
525 2631 607 2702 ὅλον
636 2630 703 2720 ἅμα
727 2628 860 2718 ὁρᾶται,
891 2631 947 2698 καὶ
973 2629 1075 2721 ταύτῇ
1099 2637 1233 2718 μείζονα
1256 2631 1348 2718 γενέ-

198 2751 280 2810 σθαι
309 2741 370 2811 τὸν
402 2739 506 2824 ἄξονα
537 2745 596 2828 τῇς
627 2742 662 2809 ἐκ
688 2738 811 2808 τούτου
846 2741 904 2825 τῇς
930 2738 1060 2825 βάσεως
1087 2739 1142 2807 καὶ
1172 2736 1348 2825 όξόγωνον

197 2847 258 2918 τὸν
284 2854 396 2919 κῶνον
424 2847 668 2918 ἀποτελεῖσθαι.
715 2850 753 2935 τῇ
783 2845 820 2913 δὲ
847 2849 1008 2935 θεολογίᾳ
1035 2843 1072 2913 τό
1101 2843 1146 2933 μὴ
1173 2844 1213 2914 τὰ
1236 2847 1347 2912 πάντα

198 2957 356 3045 ἐγκόσμια
380 2955 484 3041 εἶναι,
508 2953 553 3035 ὡς
575 2952 612 3023 τό
638 2953 736 3038 είκός,
759 2950 834 3021 ἀλλ’
860 2948 950 3021 εἶναι’
975 2980 1006 3020 τι
1031 2952 1087 3021 καὶ
1109 2949 1346 3040 θπερκόσμιον.

158 3064 236 3130 τεέν
264 3061 327 3148 γὰρ
354 3066 400 3153 τῷ
428 3063 560 3151 πέμπτῳ
589 3063 646 3147 τῇς
672 3062 912 3146 φυσιολογικῇς
934 3057 971 3127 τό
996 3063 1131 3144 πρῶτον
1154 3057 1239 3147 μηδὲ
1261 3056 1346 3127 κατὰ

199 3167 406 3256 συμβεβηκός
438 3188 520 3255 φησι
548 3176 733 3252 κινεῖσθαι,
766 3170 828 3234 τοῦ
855 3168 1035 3253 ἐγκοσμίου
1063 3166 1119 3234 διὰ
1146 3165 1184 3235 τὸ
1212 3157 1239 3258 ᾧ
1267 3186 1347 3234 συν·

189 3276 357 3362 τέτακται,
380 3274 462 3344 κατὰ
486 3271 695 3363 συμβεβηκὸς
716 3274 907 3360 κινομένου.
944 3273 999 3341 καὶ
1023 3275 1060 3342 ἐν
1082 3277 1127 3365 τῷ
1153 3271 1263 3365 ὀγδόφ
1286 3276 1347 3360 τῇς

197 3387 341 3472 φυσικῆς
366 3382 404 3454 τὸ
432 3383 570 3473 πρώτως
597 3383 716 3450 κινοῦν
745 3379 904 3468 ἀκίνητον
927 3378 1014 3448 εἶναι
1032 3379 1197 3465 βούλεται.
1234 3377 1344 3448 αὐτοῦ

199 3490 236 3560 δὲ
268 3490 395 3581 εὕρημα
427 3494 483 3561 καὶ
514 3489 535 3578 ῇ
568 3488 685 3578 λογικῇ
712 3487 772 3568 τὰς
801 3487 1054 3573 συλλογιστικδις
1081 3487 1252 3574 μεθόδους
1278 3483 1345 3554 ἀπὸ

158 3622 185 3663 ιο
199 3603 289 3685 <τιόν
311 3599 515 3688 πραγμάτων
541 3600 805 3684 διακρίν>αντος.

198 3778 281 3833 Arist.
301 3778 434 3849 pseudep.
454 3796 480 3848 p.
496 3785 538 3832 47.
576 3777 641 3831 Alia
663 3776 779 3831 molitur
796 3775 889 3830 Robbc
988 3775 1086 3842 νφίλη
1101 3771 1133 3828 δὲ
1149 3767 1200 3841 ἡό
1215 3811 1296 3827 .....
1314 3772 1345 3828 in

199 3858 299 3912 lacuna
318 3857 387 3926 οοδ,
407 3855 482 3927 quod
502 3856 594 3925 suppl.
613 3856 706 3910 Robbe
725 3855 788 3911 coll.
803 3853 867 3909 Eth.
882 3854 976 3924 Magn.
993 3855 1018 3921 Ι,
1032 3860 1050 3907 4
1122 3845 1192 3908 Βόα
1203 3895 1209 3907 .
1221 3897 1226 3908 .
1238 3897 1244 3909 .
1255 3896 1262 3910 .
1272 3872 1345 3924 νμεν

199 3940 228 3992 ολ
245 3937 319 3992 infra
337 3933 405 3992 οὐδὲ
425 3938 469 4000 δὶς
486 3931 568 3991 ἀλλ’.
584 3980 590 3991 .
607 3977 634 3992 ..
654 3933 791 4002 γενέσθαι
810 3935 870 3990 οοδ.
891 3935 981 4005 suppl.
1001 3934 1093 3989 Robbe
1166 3939 1180 3987 ‘1
1201 3933 1343 4004 δοκοῦμεν

199 4017 248 4073 καὶ
261 4059 395 4074 ........
409 4013 424 4072 ὁ
446 4015 601 4086 φιλόσοφος
619 4015 679 4070 cod.
698 4013 828 4069 lacunam
848 4016 922 4085 expl.
941 4015 1033 4071 Robbe
1128 4013 1198 4084 οτῇ
1217 4011 1270 4084 μὲν
1290 4030 1343 4068 om.

199 4100 259 4156 οοδ.
280 4099 342 4154 add.
362 4097 454 4152 Robbe
536 4103 569 4151 10
587 4095 678 4152 sicut
696 4095 887 4164 Polyaenus
906 4095 993 4151 dicit
1010 4095 1059 4150 lat.
1080 4094 1183 4162 versio,
1203 4094 1277 4163 quod
1295 4094 1343 4148 ab·

199 4181 312 4236 surdum
331 4180 414 4250 putat
428 4177 533 4242 Robbe,
552 4176 601 4246 qui
619 4173 700 4247 ὄχλος
714 4175 787 4245 αδδ,
805 4171 873 4238 λαός
892 4175 1000 4230 mavult
1013 4175 1108 4230 Ιίολιδι
1167 4179 1199 4226 11
1220 4166 1280 4227 ἀλλ’
1298 4167 1343 4227 ἐν·

202 4263 323 4332 εἶναι”μ.
339 4282 361 4316 τ.
381 4279 406 4314 κ.
422 4254 453 4312 ἐν
472 4278 494 4310 τ.
513 4257 591 4327 ψυχῇ
611 4257 655 4311 vel
672 4250 734 4311 ἀλλ’
751 4254 825 4325 ἔχειν
841 4286 874 4326 ς-
893 4252 945 4325 τῇν
962 4252 1059 4325 ψυχήν
1078 4253 1173 4308 Rome
1249 4257 1283 4306 2⁶
1302 4252 1344 4308 cf.

200 4343 283 4412 Phys.
299 4342 410 4397 Acroas.
427 4338 460 4406 V,
477 4344 500 4407 1,
518 4331 550 4391 τὸ
565 4335 676 4404 πρῶτον
691 4337 783 4391 αίτιον
798 4331 866 4391 οόδὲ
882 4331 951 4391 καθ’
970 4331 1054 4390 ἑαυτό
1072 4329 1187 4403 κινητόν
1203 4327 1261 4387 ἔστι
1274 4326 1344 4386 οόδὲ

200 4443 225 4477 κ.
245 4425 326 4493 συμβ,
345 4419 448 4476 rectius
470 4418 499 4473 in
519 4420 646 4472 Ammon.
666 4433 693 4484 p.
707 4422 773 4485 401,
794 4423 845 4473 100
859 4417 948 4471 West.
1020 4421 1053 4469 27
1074 4413 1113 4468 ef.
1133 4412 1267 4477 100111,
1286 4419 1301 4464 σ

200 4509 235 4555 30
253 4498 311 4556 ἀπο
327 4544 423 4560 ......
439 4520 523 4563 ανιος
541 4498 601 4553 οοδ.
620 4498 709 4566 suppl.
728 4498 820 4553 Robbe
