3036 5114
603 307 818 364 HESYCHIUS.
1239 309 1279 372 91

137 472 267 558 πρῶτος
293 467 429 559 ἠράσθη
457 468 577 550 παιδὸς
594 466 772 557 ’Τμεναίου
793 467 960 556 τούνομα,
988 471 1066 536 υίού
1089 468 1282 556 Καλλιόπης

137 578 193 646 καί
213 576 406 664 Μάγνητος·
432 579 468 644 οί
485 575 521 645 δὲ
540 575 657 665 Κρῆτά
676 583 763 664 φασί
777 604 854 645 τινα
877 575 1017 646 Τάλωνα
1028 574 1284 665 Ῥαδαμάνθυος

138 688 338 774 ἐρασθῆναι·
363 686 398 752 οί
420 683 458 751 δὲ
477 682 585 753 Λάίόν
605 705 709 772 φασιν
728 686 914 772 ἐρασθῆναι
932 682 1066 771 πρώτου
1085 690 1283 774 Χρυσίππου

137 797 199 862 τοῦ
222 792 375 871 Πέλοπος
401 793 492 858 υίοῦ·
523 794 558 858 οί
583 791 620 859 θλ
640 789 826 871 Ἰταλιώτας
853 789 1005 878 πρώτους
1032 789 1104 859 κατ’
1133 788 1283 878 άνάγκην

139 904 311 986 στρατείας
339 895 498 985 εὑρέσθαι
528 902 636 967 τοῦτο.
681 897 764 966 κατὰ
787 898 824 967 δὲ
847 896 1011 985 άληθειαν
1036 896 1137 979 αὐτὸς
1159 895 1177 966 ὁ
1199 898 1309 978 Ζεύςι

108 1021 111 1027 “
138 1010 269 1094 πρῶτος
290 1003 426 1093 ἠράσθη
450 1004 694 1092 Γανυμήδους]

227 1132 475 1200 CCCXXXVII.
511 1137 725 1220 Θεαίτητος
745 1131 924 1220 Ἀθηυαῑος
946 1130 1166 1221 ἀστρολόγος,
1189 1132 1283 1220 φιλό-

33 1273 65 1311 s.
83 1280 97 1309 ι,
139 1260 259 1327 σοφος,
289 1237 441 1327 μαθητὴς
463 1239 681 1327 Σωκράτους,
706 1243 856 1322 ἐδίδαξεν
880 1242 916 1309 ἐν
935 1237 1120 1330 Ἡρακλείᾳ.
1166 1243 1283 1328 γέγονε

139 1347 176 1416 δὲ
208 1344 289 1435 μετὰ
320 1345 361 1415 τά
388 1347 699 1433 Πελοποννησιακά.
749 1350 879 1435 πρῶτος
907 1347 944 1416 δὲ
970 1345 1011 1416 τά
1039 1347 1135 1445 πξντε
1164 1347 1283 1417 καλού-

138 1481 221 1543 μενα
245 1453 361 1541 στερεὰ
385 1458 515 1541 ἔγραψε.
1298 1477 1324 1515 ιο

227 1578 490 1649 CCCXXXVIII.
531 1584 745 1667 Θεαίτητος
773 1576 968 1669 Ἡρακλείας
1000 1577 1154 1665 Πόντου,
1188 1580 1283 1667 φιλό·

29 1720 96 1757 2„st
138 1707 259 1775 σοφος,
284 1684 448 1774 ἀκροατὴς
471 1685 663 1767 Πλάτωνος.

227 1813 457 1883 CCCXXXIX.
498 1810 635 1886 Θεανὼ
663 1818 900 1901 Μεταποντίνη
933 1809 954 1901 ἢ
989 1819 1132 1902 Θουρία,
1165 1821 1283 1882 Πυθα-
1348 1842 1451 1878 νοω,

139 1926 269 2008 γορεῖα,
297 1920 450 2009 θυγάτηρ
480 1919 699 2009 Λεύφρονος,
727 1919 849 2008 γαμετὴ
882 1921 919 1990 δὲ
942 1921 1123 2011 Καρύστου
1150 1917 1170 2009 ἢ
1194 1920 1283 2008 Κρό-

137 2054 244 2108 τωνος
275 2024 296 2116 ἢ
328 2034 504 2115 Βρωτίνου
536 2031 598 2096 τοῦ
631 2032 881 2115 Πυθαγορείου.
938 2027 1021 2117 αὕτη
1056 2035 1177 2116 ἔγραψε
1209 2030 1283 2115 περὶ
1299 2048 1323 2090 1⁵

139 2135 364 2224 Πυθαγόρου,
400 2137 475 2224 περὶ
512 2134 631 2223 άρετῆς
663 2132 852 2228 Ἱπποθάμω
885 2143 1037 2228 Θουρίῳ,
1073 2137 1284 2224 παραινέσεις

104 2260 108 2267 ’
141 2249 331 2331 γυναικείας
353 2244 409 2311 καὶ
432 2241 675 2332 ἀποφθέγματα
698 2250 956 2333 Πυθαγορείων.

229 2369 376 2440 ΟΟΟΧΙι
421 2369 572 2438 Θεανὼ
611 2374 752 2458 Κρῆσσα
789 2369 991 2456 φιλόσοφος,
1031 2370 1185 2459 θυγάτηρ
1222 2370 1284 2459 μὲν
1349 2396 1453 2441 αλ...

82 2520 95 2547 0.
142 2477 384 2561 Πυθώνακτος,
408 2475 530 2565 γαμετὴ
552 2476 590 2544 δὲ
612 2480 672 2545 τοῦ
694 2475 840 2565 μεγάλου
858 2476 1078 2564 Πυθαγόρου,
1098 2479 1131 2560 ἐξ
1151 2469 1192 2547 οὗ
1212 2484 1284 2566 ἔσχε

93 2656 98 2664 ,
144 2586 321 2675 Τηλαύγην
344 2586 398 2653 καὶ
422 2584 631 2673 Μνήσαρχον
653 2585 708 2652 καὶ
735 2591 850 2653 Μυῖαν
873 2585 928 2652 καλ
949 2582 1158 2673 Ἀριγνύτην
1195 2585 1324 2666 τινὲςνο
1342 2583 1353 2621 ‘²
1378 2606 1381 2615 '
1407 2576 1423 2603 ²'

140 2694 177 2763 ez
200 2698 376 2784 Βροντίνου
403 2706 545 2778 γυναῖκα
575 2690 744 2779 γράφουσι
771 2693 826 2759 καὶ
853 2689 890 2760 τὸ
923 2694 1019 2777 γένος
1041 2698 1283 2781 Κροτωνιᾶτιν.

139 2799 360 2890 ὑπομνήματα
389 2797 560 2886 φιλόσοφα
587 2799 642 2866 καλ
671 2795 914 2886 ἀποφθέγματα
941 2801 996 2867 καὶ
1024 2800 1149 2887 ποίημά
1176 2828 1206 2868 τι
1235 2798 1282 2869 δι’

140 2911 238 2978 ἐπῶν.

139 3115 233 3169 Verba
250 3113 300 3168 κοιλ
317 3114 472 3180 πρῶτος-
492 3113 557 3168 exit.
572 3113 608 3166 ab
623 3109 755 3182 Hesychii
775 3110 869 3167 indole
883 3115 981 3183 procul
996 3115 1105 3170 absunt.
1126 3115 1165 3169 cf.
1181 3115 1282 3171 Athen.
1307 3158 1312 3168 ,

139 3195 204 3250 XIII
222 3213 249 3265 p.
269 3200 320 3249 603
340 3195 369 3246 et
387 3210 458 3262 quae
477 3191 592 3262 exposui
611 3192 680 3246 Mus.
700 3190 787 3245 Rhen.
805 3190 907 3247 XXXV
926 3212 953 3263 p.
967 3201 1020 3249 212
1095 3202 1107 3248 1
1125 3192 1283 3250 Ὑακίνθου

139 3274 298 3342 Lennepius
362 3280 377 3326 2
399 3268 499 3326 Τάλον
518 3272 679 3326 Gutschmid

210 3352 406 3408 CCCXXXVII
424 3353 500 3408 Eue.
519 3372 546 3423 p.
566 3359 618 3407 369
675 3359 689 3407 7
710 3357 800 3422 φιλοο.
816 3352 865 3407 κοιλ
879 3352 919 3416 είς
933 3351 964 3408 τό
979 3351 1067 3424 άιιρον
1083 3351 1192 3426 άοτρολ.
1207 3357 1281 3412 Eud.

140 3437 157 3487 8
175 3433 274 3503 γέγονε
293 3451 350 3503 seq.
370 3434 541 3503 transposui,
561 3434 626 3503 post
641 3431 746 3503 ἔγραψε
767 3434 900 3488 exhibent
917 3433 982 3488 Iibri

211 3512 420 3568 CCCXXXVIII
435 3515 588 3583 Utramque
602 3515 723 3584 glossam
736 3517 772 3571 ad
787 3534 873 3570 unum
888 3517 1014 3585 spectare
1028 3518 1108 3586 petet
1154 3522 1184 3570 11
1201 3512 1282 3584 Ἡρα-

74 3608 86 3627 ·
140 3592 208 3650 ιιλὲοι
218 3599 241 3645 V
260 3589 317 3663 Ἡρ.
334 3589 447 3648 Πόντου
462 3611 496 3648 ex
510 3599 533 3647 Δ
546 3595 694 3661 Κυνίννκν,
715 3599 799 3652 antea
817 3597 964 3667 legebatur
984 3591 1015 3651 ἓν
1030 3594 1087 3667 Ἡρ.
1107 3598 1157 3651 τοῦ
1172 3594 1284 3651 Πόντου

209 3673 393 3730 CCCXXXIX
412 3675 488 3730 Eue.
508 3694 533 3745 p.
554 3682 606 3730 369
690 3683 721 3732 13
740 3673 942 3747 Μετοποντικὴ
962 3677 1038 3733 Eud.
1115 3681 1230 3748 Πυθαγ.
1252 3710 1282 3717 -

140 3760 225 3825 Βρωτ.
245 3772 298 3810 om.
318 3754 393 3810 Eud.
464 3762 497 3811 14
517 3753 665 3826 Καρύστου
684 3755 878 3825 θλΚρότωνος
897 3775 972 3828 susp.
994 3759 1177 3831 Bernhardyo

141 3842 173 3890 1⁶
189 3837 331 3903 Βροντίνου
346 3840 448 3888 sm
465 3837 600 3905 Βροτίνου
614 3836 663 3889 rel.
679 3840 831 3906 Βροντίνου
847 3857 880 3894 ex
895 3838 1042 3893 Iambliehi
1056 3840 1104 3895 vit.
1115 3840 1196 3909 Pyth.
1212 3838 1282 3895 coni.

138 3917 275 3970 Κυνίσκαν
299 3910 336 3978 ὡς
360 3919 502 3979 Πλωτῑνος
524 3915 553 3969 in
577 3915 701 3985 margine
724 3922 746 3968 V
770 3918 881 3988 legitur.
919 3918 1013 3974 Verba
1036 3920 1086 3974 τού
1107 3923 1185 3975 Πυθ.
1211 3914 1282 3988 αὕτη

140 3994 246 4065 ἔγραψε
266 3995 330 4065 περὶ
349 3997 419 4051 miro
437 4013 530 4052 errore
553 3996 653 4052 desunt
675 3997 704 4051 in
723 3997 765 4052 ed.
785 3996 897 4055 BeIsIrer.
935 3995 1126 4068 Πυθαγόρου,
1145 4001 1282 4068 Πυθαγο-

139 4078 201 4142 ρεία
220 4068 291 4133 ούοα
310 4077 385 4132 Eue.
459 4083 492 4130 16
513 4072 618 4132 Ἱπποὸ.
640 4079 723 4147 Θουρ.
748 4078 880 4135 ficticium
903 4080 1018 4135 titulum
1043 4097 1101 4136 esse
1126 4080 1283 4151 suspicatus

139 4158 183 4210 esI
200 4156 378 4228 Bernhardy,
397 4157 445 4225 qui
465 4156 551 4213 etism
570 4156 635 4226 περὶ
653 4158 829 4230 Πυθαγόρου
849 4160 996 4215 delendum
1016 4162 1121 4217 censuit

212 4236 324 4291 CCCXL
344 4237 418 4291 Eud.
439 4236 456 4292 l.
477 4253 499 4292 e.
538 4235 578 4293 Cf.
597 4256 623 4291 v.
645 4238 792 4311 Τηλαύγης
879 4247 911 4294 19
937 4236 965 4306 ἐξ
985 4233 1019 4295 ού
1039 4272 1072 4281 -
1091 4242 1282 4309 Κροτωνιᾶτιν

139 4335 194 4374 om.
213 4316 288 4372 Eue.
307 4334 425 4386 pergens
444 4316 562 4387 φέρεται
580 4311 668 4387 αύτῑγς
685 4314 770 4389 ύπομ.
790 4318 878 4375 πολλά
897 4320 943 4389 (ef.
962 4321 1042 4391 Diog.
1062 4322 1139 4388 VIII,
1160 4325 1206 4390 43)

139 4405 172 4452 21
193 4400 336 4468 Βρωτίνου
356 4415 390 4454 ex
407 4399 493 4454 Paris.
512 4399 655 4455 revocavit
672 4401 821 4468 Kesterss,
846 4404 930 4456 antee
946 4401 1040 4457 fuerat
1058 4403 1212 4469 Κρατίνου;
1236 4421 1282 4469 γε·

140 4476 245 4533 νίοθαι
262 4479 327 4548 post
344 4484 466 4548 γυναῖκα
485 4479 549 4535 add.
567 4480 639 4551 νκλη.
660 4498 713 4537 om.
732 4486 755 4534 Δ
