3036 5114
213 309 277 376 102
675 310 889 369 HESYCHIUS.

301 472 510 540 CCCLXXX.
540 468 677 541 Ἰάσων
694 471 840 560 Ἀργεῑος
859 472 1039 560 ἱστορικός,
1063 472 1225 560 νεάτερος
1244 480 1355 541 Πλου-
1376 542 1401 579 μ

211 577 336 665 τάρχου
372 582 433 646 τοῦ
465 582 678 666 Χαιρωνέως,
712 580 972 669 [γραμματικός].
1023 586 1145 667 ἔγραψε
1187 582 1262 664 περὶ
1297 584 1357 667 τῆς
1386 558 1393 582 ⁷

206 681 367 763 Ἑλλάδος
393 689 506 770 βιβλία
533 685 566 753 δ’
595 688 677 776 (ἔχει
706 687 743 754 δὲ
772 685 1011 777 ἀρχαιολογίαν
1033 685 1206 769 Ἑλλάδος,
1233 688 1289 755 καὶ
1314 686 1356 754 τά

211 789 277 859 άπὸ
308 795 376 859 τῶν
407 796 588 879 Μηδικῶν,
621 793 660 862 τά
692 820 726 862 τε
758 787 829 861 κατ’
859 793 1077 881 Ἀλέξανδρον
1112 797 1173 873 ἕως
1204 798 1357 881 τελευτῆς

185 896 318 968 ταύτοῦ
343 900 398 967 καλ
426 896 466 967 τά
490 903 584 988 μέχρι
609 898 800 989 Ἀθηναίων
824 898 979 983 ἁλώσεως
1005 905 1063 989 τῆς
1085 901 1267 988 γενομένης
1290 897 1356 969 ὑπὸ

210 1003 427 1092 Ἀντιπάτρου
450 1012 510 1075 τοῦ
534 1007 658 1094 πατρὸς
681 1007 915 1097 Κασάνδρου).

301 1114 527 1183 CCCLXXXI.
561 1113 698 1184 Ἰάσων
718 1115 964 1204 Μενεκράτους,
983 1114 1140 1196 Νυσαεύς
1163 1118 1199 1184 ἐκ
1221 1114 1357 1203 πατρός,

212 1219 276 1290 άπὸ
292 1221 330 1290 δέ
344 1221 466 1310 μητρὸς
475 1220 613 1310 Ῥόδιος,
627 1223 823 1311 φιλόσοφος,
835 1223 986 1311 μαθητὴς
999 1225 1053 1291 καί
1064 1228 1292 1312 θυγατριδοῦς
1302 1224 1357 1291 καὶ

213 1328 370 1417 διάδοχος
388 1335 446 1417 τῆς
465 1333 501 1399 έν
515 1328 619 1423 Ῥόδῳ
640 1335 813 1418 διατριβῆς
828 1336 1061 1399 Ποσειδωνίου
1079 1335 1139 1399 τοῦ
1158 1329 1358 1417 φιλοσόφου.
1379 1318 1435 1360 ‘'⁶''

174 1460 200 1499 ιο
215 1441 337 1523 ἔγραψε
351 1441 448 1522 βίους
462 1436 620 1518 ἐνδόξων,
634 1438 689 1505 καλ
704 1437 904 1523 φιλοσόφων
918 1435 1076 1524 διαδοχάς
1090 1438 1145 1505 καὶ
1158 1442 1235 1524 βίον
1245 1435 1358 1504 Ἐλλά-

214 1546 273 1622 δος
292 1545 328 1610 ἐν
342 1547 486 1628 βιβλίοις
504 1543 536 1610 δ’
552 1543 634 1611 κατά
652 1571 754 1624 τινας.
784 1536 911 1629 [οὗτος]
932 1550 1054 1632 ἔγραψε
1072 1545 1128 1612 καὶ
1142 1544 1217 1633 περὶ
1230 1540 1359 1612 Ῥόδου.

110 1735 113 1740 .
303 1650 544 1718 CCCLXXXII.
586 1650 741 1736 Ἴβυκος
773 1656 900 1719 Φυτίου
929 1653 979 1737 (oi
1006 1651 1044 1719 δὲ
1072 1649 1270 1738 Πολυζήλου
1292 1654 1354 1718 τοῦ

214 1763 413 1844 Μεσσηνίου
437 1757 710 1845 ἱστοριογράφου,
735 1762 769 1826 oi
791 1758 828 1826 δὲ
850 1757 1069 1848 Κέρδαντος),
1092 1760 1182 1845 γένει
1199 1757 1358 1844 Ῥηγῖνος,

214 1864 355 1932 ἐνθένδε
379 1868 426 1943 είς
450 1863 570 1951 Σάμον
593 1858 710 1952 ἦλθεν,
735 1863 788 1934 ὅτε
813 1864 915 1952 αὐτῆς
937 1857 1038 1953 ἦρχεν
1063 1863 1080 1934 ό
1101 1863 1320 1950 Πολυκράτης
1340 1862 1358 1932 ὁ
1386 1884 1441 1920 {vu

176 1974 274 2039 τετοῦ
297 1969 469 2058 τυράννου
491 1972 611 2060 πατήρ·
635 1973 756 2061 χρόνος
780 1974 816 2042 δὲ
836 1965 879 2060 ἦν
900 1965 998 2053 οὗτος
1016 1974 1069 2041 ἐπὶ
1089 1978 1241 2061 Κροίσου
1260 1969 1359 2057 ὀλυμ-
1390 1962 1430 2001 ”’·“

214 2075 290 2157 πιάς
326 2078 392 2146 νδ’.
447 2080 565 2166 γέγονε
603 2080 640 2147 δὲ
673 2082 980 2167 ἐρωτομανέστατος
1013 2081 1086 2167 περὶ
1120 2078 1272 2167 μειράκια
1304 2079 1360 2146 καὶ

214 2188 344 2271 πρῶτος
367 2176 441 2273 εὗρε
465 2185 527 2273 τὴν
550 2189 762 2275 καλουμένην
785 2187 961 2275 σαμβύκην
985 2186 1089 2275 (εἶδος
1113 2188 1152 2254 δέ
1174 2188 1240 2254 ἐστι
1263 2185 1360 2254 κιθά-

215 2319 275 2381 ρας
302 2292 491 2383 τριγοόνου).
538 2299 606 2362 ἔστι
630 2294 668 2362 δὲ
691 2292 797 2362 αὐτοῦ
819 2294 859 2362 τὰ
882 2300 995 2382 βιβλία
1019 2294 1047 2378 ζ’
1070 2299 1110 2383 τῇ
1135 2297 1265 2379 Δωρίδι
1290 2295 1360 2359 δια-

215 2400 326 2491 λέκτῳ.
378 2401 597 2488 [συλληφθεὶς
628 2401 665 2469 δὲ
694 2398 759 2470 ὑπὸ
792 2407 923 2490 λῃστῶν
956 2399 1005 2470 ἐπ’
1039 2404 1176 2488 ἐρημίας
1206 2405 1269 2486 ἔφη
1297 2395 1361 2466 κάν

175 2504 272 2586 εοτὰς
299 2505 476 2594 γεράνους,
510 2504 550 2588 δὶς
577 2513 691 2595 ἔτυχεν
720 2506 981 2596 ὑπερέπτασθαι,
1015 2510 1165 2587 ἐκδίκους
1192 2507 1360 2593 γενέσθαι.

214 2613 270 2680 καὶ
298 2610 398 2693 αὐτὸς
425 2613 486 2701 μὲν
514 2611 681 2704 άυηρέθη,
709 2613 790 2703 μετὰ
819 2615 856 2685 δὲ
881 2619 984 2684 ταῦτα
1006 2619 1074 2683 τῶν
1098 2619 1229 2704 ληστωυ
1253 2608 1300 2693 εἷς
1324 2615 1360 2680 έν

214 2748 255 2809 τη
278 2719 373 2788 πόλει
396 2721 605 2810 θεασάμενος
627 2722 792 2810 γεράνους
816 2729 878 2810 ἔφη
902 2725 980 2808 ’έδε,
1004 2725 1041 2789 αί
1059 2719 1192 2808 Ἰβύκου
1216 2721 1361 2789 ἔκδικοί.

1402 540 1448 583 ,ςῤ

287 2944 456 3002 CCCLXXX
475 2947 550 3002 Eud.
566 2965 592 3016 p.
604 2952 664 3001 399.
685 2944 724 2999 cf.
736 2946 846 3013 Miller,
862 2945 961 3015 Scripi.
973 2944 1050 3000 Alex.
1061 2965 1088 3014 p.
1099 2951 1157 3013 139,
1177 2944 1266 3012 Daub,
1282 2943 1361 2998 siud,

216 3047 242 3098 p.
258 3033 292 3082 29
352 3032 368 3080 2
389 3022 580 3097 γραμματικός
598 3044 651 3081 om.
668 3026 742 3080 Eud.
761 3026 913 3080 absurdum
932 3044 991 3081 esse
1010 3029 1090 3096 patet
1113 3023 1163 3083 ίστ.
1178 3021 1266 3093 venia,
1285 3026 1321 3077 Π.
1336 3044 1360 3078 τ.

216 3113 248 3164 X.
268 3103 448 3178 γραμματεύς
462 3109 621 3162 (ιίι-ίεαλιιιιά
680 3113 696 3160 4
714 3101 930 3176 ἈλεξάνδρουΔ
991 3114 1006 3160 5
1030 3102 1065 3161 τά
1085 3111 1150 3161 ante
1170 3104 1250 3176 μέχρι
1269 3122 1323 3160 om.
1338 3108 1362 3157 Δ

217 3189 293 3257 (hinc
313 3189 436 3257 corrigas
458 3187 608 3255 Gaisford.)

288 3266 470 3323 CCCLXXXI
489 3268 565 3323 Eud.
584 3285 611 3336 p.
631 3272 691 3321 396.
729 3266 769 3320 Cf.
789 3266 900 3335 Mflller,
921 3266 1021 3336 Script.
1040 3265 1084 3322 Al.
1099 3285 1126 3336 p.
1143 3272 1192 3320 159
1249 3271 1264 3319 ’1
1284 3267 1362 3319 Νυσ-

217 3344 343 3410 σαεόςΔ
417 3353 448 3401 11
474 3339 556 3410 οὗτος
580 3365 633 3403 om.
653 3347 742 3414 Eur,
768 3350 842 3401 certe
866 3347 901 3401 ab
926 3346 1058 3416 Hesychii
1082 3346 1146 3401 stilo
1171 3345 1292 3399 alienum
1311 3347 1362 3414 est,

218 3427 263 3484 cui
282 3445 316 3482 ne
335 3428 481 3496 sequentia
499 3428 613 3498 quidem
633 3427 764 3482 videntur
782 3427 878 3482 deberi

290 3508 483 3563 CCCLXXXII
505 3509 580 3564 Εαιί,
605 3528 631 3578 p.
651 3512 703 3562 403
726 3524 797 3576 quac
820 3512 971 3577 postquam
986 3498 1029 3561 'ex
1047 3504 1189 3577 Hesychio
1213 3505 1363 3575 descripsit

215 3587 261 3665 Ἰβ.
282 3596 347 3646 Φυτ.
372 3588 447 3659 υἱός,
470 3589 600 3660 ποιητής,
625 3587 731 3659 ἔγραψε
752 3590 859 3658 Δωρίδι
882 3589 1020 3656 διαλέκτῳ
1043 3589 1135 3659 βιβλία
1157 3582 1181 3652 ζ’
1206 3586 1363 3640 narratiun-

218 3672 310 3725 culam
330 3670 457 3726 adiunxii
476 3687 509 3724 ex
524 3669 666 3737 Nemesin,
686 3670 720 3723 ds
740 3670 795 3723 nai.
811 3669 885 3722 hom.
902 3686 925 3722 c.
940 3673 972 3721 42
993 3667 1026 3721 de
1044 3669 1134 3721 morie
1153 3666 1232 3734 lbyci
1246 3683 1264 3719 a
1278 3665 1365 3720 Suida

219 3752 366 3806 diversam.
405 3750 444 3803 Ci'.
465 3750 550 3804 etiam
569 3750 713 3816 Welclrer‚
733 3748 800 3802 Mus.
820 3747 907 3801 lihen.
928 3764 952 3800 a.
974 3752 1042 3801 1834
1066 3766 1092 3815 p.
1113 3753 1164 3800 214
1180 3762 1237 3813 seq.
1266 3745 1364 3811 Puloh,

219 3831 254 3884 dc
274 3829 345 3883 Viol.
365 3848 392 3897 p.
412 3833 445 3882 85
521 3836 552 3883 12
573 3824 735 3893 Πολυζόλον
754 3833 777 3879 V
843 3833 874 3880 13
895 3823 944 3881 ἴστ.
964 3830 1066 3879 Am
1085 3826 1136 3879 τοῦ
1157 3822 1239 3892 ίστορ.
1260 3824 1308 3878 rel.
1329 3819 1363 3878 οό

218 3911 268 3964 τοῦ
289 3906 505 3978 ἱστοριογράφου
520 3911 650 3976 Βοιίιίιιε,
669 3924 790 3962 errorem
809 3908 897 3961 latere
915 3909 1017 3976 putant
1037 3906 1142 3959 Μάλλει
1161 3906 1189 3958 ei
1204 3904 1365 3959 (ιίιίιιλιιιιὶά

220 3996 254 4045 14
273 3983 287 4042 ὁ
309 3989 359 4041 τοῦ
378 3986 518 4056 τυράννου
537 3984 629 4057 πατήρ
650 4003 701 4057 pro
721 3986 923 4041 commenticiis
942 3985 1028 4040 habet
1041 3985 1221 4054 Bernhardy,
1244 3983 1363 4038 alterum

220 4066 235 4126 ὁ
256 4087 309 4124 om.
325 4073 426 4121 Am
446 4063 489 4125 ότι
505 4067 608 4138 Αἰάκης
628 4062 713 4138 η’ρχεν
728 4063 742 4121 ό
760 4070 863 4121 Πολυκ.
878 4067 927 4120 τοῦ
943 4087 1000 4134 τνρ.
1016 4060 1107 4132 πατήρ
1122 4065 1282 4119 (λαλεολιιιιίά
1300 4064 1364 4119 coll.

219 4151 350 4221 Polyaen.
367 4150 413 4218 VI,
429 4157 462 4204 45
522 4156 554 4203 16
574 4143 609 4219 ἦν
628 4150 739 4204 solusv
759 4147 836 4202 dedit
855 4142 869 4201 ὁ
889 4142 934 4201 ἐπὶ
949 4147 1107 4213 ΚροίσονΔ
1126 4146 1197 4213 cuiq.
1218 4140 1233 4199 ὁ
1249 4161 1302 4198 om.
1317 4148 1364 4196 BE

177 4284 183 4307 2
221 4239 253 4287 19
274 4232 308 4286 de
327 4233 379 4286 hac
397 4231 506 4298 fabula,
525 4248 609 4298 quam
628 4227 783 4298 Hesychius
805 4230 879 4282 cerie
902 4228 1022 4282 hicnon
1046 4223 1176 4291 inscruit,
1200 4224 1234 4279 cf.
1254 4225 1366 4293 praeter

220 4308 345 4367 Nemesii
359 4311 451 4365 locum
467 4310 538 4364 Plnt.
554 4309 588 4363 de
609 4309 710 4376 gcrrul.
726 4315 823 4377 p.609‚
838 4308 981 4363 Iamblich.
997 4306 1224 4375 vit.Pyth.1‚2r‚
1239 4304 1363 4358 Paroem.

219 4395 272 4463 lp.
287 4400 331 4459 133
346 4391 483 4459 Welclrcr‚
498 4390 567 4444 Mus.
582 4389 670 4442 Rhen.
688 4393 755 4442 1833
770 4406 796 4457 p.
812 4393 862 4441 401
878 4404 945 4455 seq.‚
965 4385 1175 4450 Schneidewin„
1191 4384 1264 4451 Ibyc.
1280 4400 1363 4438 carm.

221 4494 247 4545 p.
268 4481 301 4529 2⁴2
313 4491 370 4543 seq.
431 4479 465 4526 21
489 4466 519 4527 έν
538 4471 571 4542 τῇ
591 4466 672 4543 πόλει
691 4476 780 4526 om.E
