3036 5114
624 322 837 381 Ητετοιτιτε.
1236 318 1301 386 1'05

157 482 259 563 αὐτὸς
281 483 481 570 θεουργικά,
511 483 694 571 τελεστικά,
722 485 819 571 λόγια
843 483 888 552 δι’
916 487 1005 553 ἐπῶν
1031 486 1085 552 καλ
1110 483 1212 571 άλλα,
1239 482 1301 552 ὅσα

156 595 216 679 τῆς
235 592 389 678 τοιαύτης
412 591 589 680 ἐπιστήμης
610 592 737 679 κρύφια
759 592 970 680 τυγχάνουσι.

248 701 411 769 ΟΟΟΧΟΙ.
441 697 493 768 'Io
505 699 696 780 υλιανὸς
718 700 874 786 Δόμνου,
893 697 958 767 άπὸ
978 701 1181 784 Καισαρείας
1200 701 1301 786 <της>

158 811 409 893 Καππαδοκίας,
431 807 602 895 σοφιστής,
626 806 812 899 σύγχρονος
827 812 1032 875 Καλλινίκου
1054 810 1114 873 τοῦ
1136 810 1301 893 σοφιστοῦ

52 932 113 961 ·”·”
159 912 306 1001 γεγονός
330 917 381 983 ἐπὶ
406 922 670 985 Κωνσταντίνου
691 918 753 984 τοῦ
775 916 945 1001 βασιλέως.

248 1024 428 1093 CCCXCII.
472 1021 499 1091 Ἰ
507 1021 730 1102 ουλιανὸς
757 1020 774 1091 ὁ
803 1020 995 1110 παραβάτης
1021 1021 1076 1089 καὶ
1105 1018 1302 1107 ἀποστάτης,

152 1127 325 1218 Ῥωμαίων
362 1130 533 1216 βασιλεύς,
570 1137 833 1201 Κωνσταντίνου
868 1131 1030 1218 βασιλέως
1065 1131 1126 1197 τοῦ
1157 1131 1304 1216 μεγάλου

158 1236 297 1321 άνεψιός
323 1237 388 1307 άπὸ
419 1238 601 1326 Δαλμάτου
629 1233 778 1326 ἀδελφοῦ
807 1235 912 1307 αὐτοῦ
938 1237 993 1305 καὶ
1021 1235 1144 1323 μητρὸς
1174 1236 1304 1316 Γάλλος

159 1343 344 1434 [τοῦνομα]
391 1351 513 1434 ἔγραψε
536 1345 615 1427 τοὺς
637 1346 864 1434 καλουμένους
885 1350 1058 1430 Καίσαρας
1081 1344 1237 1431 (περιέχει
1266 1341 1303 1411 δέ

158 1450 235 1532 τοὺς
258 1448 324 1519 άπὸ
343 1449 544 1539 Αὐγούστου
562 1438 733 1541 Ῥωμαίων
753 1453 924 1541 βασιλεῖς),
948 1452 1063 1540 ἑτέραν
1085 1456 1206 1537 βίβλον
1227 1449 1302 1534 περὶ
1317 1477 1343 1516 10

157 1563 225 1626 τῶν
255 1565 359 1647 τριῶν
390 1560 582 1647 σχημάτων,
613 1560 669 1628 καὶ
695 1558 736 1628 τὰ
764 1558 954 1646 καλούμενα
982 1557 1129 1647 Κρόνια,
1161 1557 1216 1624 καὶ
1243 1554 1304 1625 τὸν

159 1664 399 1753 Μισοπῶγωνα
426 1664 447 1755 ἢ
480 1665 702 1755 Ἀντιοχικόν,
734 1668 808 1754 περί
840 1669 901 1735 τοῦ
928 1664 1037 1734 πόθεν
1064 1662 1105 1732 τὰ
1132 1663 1216 1732 κακά
1247 1664 1303 1731 καὶ

158 1770 242 1860 πρὸς
258 1771 336 1854 τοὺς
354 1771 588 1860 ἀπαιδεύτους,
606 1774 690 1862 πρὸς
707 1773 768 1843 τὸν
787 1774 874 1843 κύνα
892 1771 1098 1860 Ἡράκλειον,
1120 1776 1190 1854 πῶς
1211 1800 1303 1839 κυνι-

159 1881 272 1966 στέον,
296 1880 471 1961 ἐπιστολάς
493 1881 707 1962 παντοδαπὰς
729 1883 784 1951 καὶ
804 1880 896 1950 ἄλλα.

248 1987 444 2056 CCCXGIH.
484 1985 528 2074 [Ἰ
531 2004 715 2070 ονστϊνος
731 1988 919 2075 φιλόσοφος
936 1986 1055 2078 καὶτῷ
1076 1986 1216 2073 σχήματι
1235 1989 1302 2054 τῶν
1318 2014 1343 2053 ιε

158 2093 356 2180 φιλοσόφων
392 2094 576 2184 χριόμενος,
613 2093 677 2164 άπὸ
712 2100 770 2183 τῆς
804 2096 1024 2163 Νεαπολιτῶν
1057 2095 1213 2180 ἐπαρχίας
1246 2096 1304 2179 τῆς

159 2207 401 2290 Παλαιστίνης,
428 2205 462 2271 ἐκ
485 2201 609 2292 πατρὸς
632 2209 785 2291 Πρίσκου
808 2205 869 2270 τοῦ
892 2205 1064 2288 Βακχείου.
1102 2190 1200 2280 οὗτος
1219 2196 1303 2287 ὑπὲρ

157 2309 216 2393 τῆς
246 2314 428 2396 θρησκείας
459 2312 527 2376 τῶν
560 2313 760 2398 χριστιανῶν
793 2307 883 2376 πάνυ
913 2310 1104 2392 ἐκοπίασεν,
1137 2304 1221 2374 ῶστε
1248 2306 1303 2374 καὶ

159 2412 345 2507 Ἀντωνίνῳ
378 2420 423 2506 τῷ
456 2419 592 2505 ἐπίκλην
625 2423 699 2510 Πίῳ
732 2418 786 2485 καὶ
819 2431 888 2497 τοῖς
916 2414 1038 2484 τούτου
1066 2416 1153 2482 υίέσι
1181 2415 1235 2482 καὶ
1264 2418 1303 2504 τῇ

158 2520 330 2613 συγκλήτῳ
359 2520 529 2608 Ῥωμαίων
568 2529 688 2611 βίβλον
721 2521 802 2591 κατὰ
834 2528 902 2591 τῶν
936 2526 1048 2591 ἐθνῶν
1082 2536 1304 2609 συνταγείσαν
1318 2553 1344 2592 ιο

157 2633 350 2714 ἐπιδοῦναι,
382 2629 442 2698 τὸν
476 2626 671 2718 ὀνειδισμὸν
703 2634 763 2699 τοῦ
796 2635 943 2718 σταυροῦ
976 2628 1020 2717 μὴ
1053 2629 1305 2720 αἰσχυνόμενος.

159 2744 282 2825 ἔγραψε
309 2737 366 2805 καὶ
397 2738 512 2823 ἑτέραν
536 2743 670 2823 βίβλον,
700 2733 744 2824 ἣν
767 2738 821 2805 καὶ
845 2738 988 2805 ἐπέδωκε
1009 2750 1080 2816 τοῖς
1100 2734 1304 2804 Ἀντωνίνου

160 2843 347 2932 διαδόχοις,
383 2846 532 2913 τουτέστι
565 2844 695 2936 Μάρκῳ
726 2842 912 2935 Ἀντωνίνῳ
945 2844 999 2911 καὶ
1029 2848 1162 2936 Λονκίῳ
1191 2839 1303 2929 Λύρη-

157 2957 217 3041 λίῳ
238 2949 393 3041 Κομόδῳ.
440 2955 508 3018 ἐστι
535 2952 589 3018 καί
617 2949 700 3038 άλλη
724 2949 828 3020 αὐτοῦ
847 2956 963 3038 βίβλος
981 2948 1063 3018 κατδι
1091 2955 1157 3019 τῶν
1177 2953 1302 3037 ἐθνῶν,

158 3060 195 3126 ἐν
216 3049 238 3147 ᾗ
258 3059 331 3142 περὶ
352 3062 409 3143 τῆς
428 3059 560 3143 φύσεως
578 3062 646 3127 τῶν
666 3058 838 3146 δαιμόνων
859 3060 1053 3144 διαλέγεται.
1089 3058 1145 3126 καὶ
1164 3057 1299 3145 τετάρτη
1315 3090 1342 3129 25

156 3170 272 3252 βίβλος
292 3162 416 3252 ὁμοίως
439 3164 523 3232 κατὰ
547 3170 615 3233 τῶν
639 3168 767 3250 ἐθνῶν,
791 3163 833 3254 ἣν
853 3168 1037 3253 ἐπέγραψεν
1062 3171 1201 3251 ἔλεγχος.
1247 3164 1303 3231 καὶ

156 3269 240 3360 άλλη
263 3271 419 3359 περὶτῆς
444 3277 505 3341 τοῦ
533 3277 618 3341 θεοῦ
646 3279 835 3361 μοναρχίας.
876 3275 931 3341 καὶ
954 3272 1060 3360 άλλην
1084 3268 1127 3358 ἣν
1150 3271 1303 3359 ῶνόμασε

157 3377 302 3465 ψάλτην,
325 3379 381 3447 καὶ
404 3381 520 3467 ἑτέραν
542 3381 616 3465 περὶ
639 3385 762 3468 ψυχῆς,
787 3379 948 3467 διάλογόν
974 3407 1008 3447 τε
1030 3376 1114 3447 κατόι
1137 3382 1204 3446 τῶν
1220 3375 1301 3446 Ἰου-

158 3490 274 3573 δαίων,
287 3483 328 3555 δν
338 3489 508 3574 ἐσχεδίασε
518 3486 600 3555 κατά
614 3488 797 3575 Τρύφωνος
808 3487 955 3576 άρχηγού
966 3491 1032 3556 τῶν
1043 3488 1080 3554 ἐν
1088 3483 1213 3576 Ἐφέσῳ
1222 3481 1248 3552 Ἰ
1249 3511 1302 3553 ου-

158 3598 271 3663 δαίων.
292 3592 333 3663 ού
347 3592 413 3682 μὴν
429 3592 511 3663 άλλά
526 3595 582 3663 καὶ
593 3594 676 3663 κατὰ
686 3600 890 3682 Μαρκίωνος
905 3596 1046 3682 ἐπίσημα
1056 3591 1153 3679 τεύχη
1166 3594 1301 3674 ἐξέδωκε
1315 3626 1342 3665 ³0

229 3842 355 3899 cccxcl
382 3843 422 3899 cf.
443 3845 549 3915 Eunap.
573 3845 600 3898 Il
623 3863 649 3915 p.
669 3850 720 3899 250
735 3861 791 3913 seq.
811 3845 898 3899 Boias.
1007 3850 1022 3898 3
1046 3843 1096 3912 τῆς
1113 3843 1217 3897 inserui
1237 3861 1301 3897 cum

163 3924 300 3979 Westerm.
324 3942 378 3980 om.
401 3924 467 3979 libri
557 3931 573 3979 4
596 3926 765 3980 Καλλινίκου
788 3942 845 3994 seq.
869 3943 903 3979 ex
925 3929 1026 3978 nvn
1051 3925 1184 3992 Gaissord
1201 3929 1301 3979 Καλλι-

157 4006 226 4076 νίκῳ
246 4023 304 4074 seq.
322 4007 395 4074 υνλγ.

230 4084 368 4140 ΟΟΟΧΟΙΙ
384 4092 414 4139 11
431 4083 580 4157 σχημάτων
594 4092 713 4158 suspect.
724 4088 906 4157 Βααλαιιίιγο
920 4086 1080 4156 cognomini
1094 4087 1218 4143 vindicat
1232 4089 1301 4144 Gut-

156 4167 259 4220 ιαλκιίδ
314 4161 473 4235 ΚρόνειαΕ
530 4174 562 4221 12
581 4167 691 4221 noel'AE
711 4166 759 4222 καί
778 4164 884 4235 πρόςν
903 4163 1060 4236 κατὰυαλρ.
1119 4174 1150 4222 13
1170 4169 1219 4222 καί
1237 4174 1302 4239 post

157 4239 349 4308 ἀπαιδεύτους
362 4247 425 4301 add.
436 4253 467 4314 V,
482 4247 556 4316 quod
571 4244 660 4309 κύνας
674 4247 830 4316 significare
846 4264 902 4301 non
916 4247 1048 4316 probavit
1059 4248 1233 4321 Bernhardy,
1253 4245 1301 4303 κύ-

157 4343 209 4386 νας
227 4323 346 4379 inseruit
362 4325 466 4380 Bekker
531 4332 562 4380 1³
579 4321 742 4394 Ἡράκλειον
761 4344 829 4382 corr.
849 4327 1015 4398 Bernhardy
1030 4324 1210 4398 Ἡράκλειτον
1228 4331 1300 4399 νκίγ.

230 4403 384 4460 ΟΟΟΧΟΙΙΙ
408 4422 461 4461 om.
479 4407 628 4473 Westerm„
652 4423 719 4461 num
738 4407 870 4476 Hesychii
894 4406 944 4476 sit,
968 4407 1105 4464 incertum
1193 4416 1224 4464 17
1244 4427 1300 4478 seq.

159 4503 193 4540 ex
212 4485 518 4557 Harma-Sophron.
540 4505 563 4542 c.
583 4494 616 4543 23
636 4488 789 4560 compilata
807 4505 865 4544 esse
883 4487 1015 4543 videntur
