3036 5114
580 332 864 389 Pnouneouurm.
1229 331 1293 385 Xlll

151 518 224 560 cum
248 494 363 561 Suidas
382 496 582 582 Hesychiunr
607 498 778 582 scriptores
798 495 1033 562 ecclesiasticos
1054 494 1185 560 silentio
1202 516 1292 578 prae-

147 603 273 667 teriisse
306 604 503 687 exposuerit,
535 603 597 670 boc
632 625 729 688 quam
762 604 871 688 inepte
904 602 1025 689 dictum
1057 603 1102 666 sit
1133 602 1293 667 illustravi

147 707 230 775 Mus.
253 709 355 776 Rhen.
379 711 399 775 l.
423 734 450 776 c.
472 735 502 796 p.
525 711 586 777 199
615 716 647 776 et
675 712 717 776 ib.
740 709 880 776 XXXVI
902 733 933 794 p.
956 710 1022 775 624
1042 731 1122 794 seq,
1149 708 1189 774 ad
1213 730 1294 794 quae

147 837 233 880 nunc
264 839 368 901 pauca
400 818 515 883 addere
545 819 656 903 liceat,
685 822 858 902 postquam
888 817 1012 902 perlegi
1042 816 1076 882 O.
1100 815 1293 898 Naumanni,

147 921 265 987 iuliani
292 922 330 989 fr.
354 925 529 991 editionem
551 923 653 1011 (Lips.
681 922 793 1011 1880),
821 925 970 1008 inprimis
994 947 1024 1008 p.
1047 924 1091 988 30
1114 927 1180 987 not.
1225 921 1293 986 Eos

148 1029 233 1093 euim
257 1034 403 1097 auctores
427 1033 622 1099 christianos
651 1032 725 1097 inde
753 1032 936 1115 suspicatus
964 1053 1036 1096 sum
1063 1031 1104 1095 ab
1128 1029 1293 1114 Hesycbio

147 1136 181 1200 in
204 1134 478 1225 Onomatologum
502 1143 647 1224 receptos
670 1138 784 1222 fuisse,
808 1138 863 1223 qni
886 1138 1004 1203 litteris
1023 1136 1155 1203 Graecia
1176 1136 1292 1200 imbuti

148 1243 323 1329 eademque
345 1245 385 1310 de
408 1268 506 1311 causa
529 1245 656 1310 Iuliano
675 1245 864 1330 imperatori
882 1243 1022 1310 maxime
1047 1244 1146 1309 invisi
1164 1242 1293 1323 fuerint,

148 1333 235 1414 velut
258 1351 469 1435 Apolinarius
493 1352 715 1439 Laodicensis,
738 1351 912 1437 Gregorius
935 1351 1024 1435 Nau,
1048 1350 1189 1416 Basilius
1214 1347 1292 1415 an-

148 1458 317 1542 sacensis,
335 1457 497 1525 Diodorus
512 1459 714 1543 Tharsensis,
733 1459 771 1524 de
791 1481 854 1543 quo
874 1462 1041 1542 praeterea
1061 1456 1100 1522 cf.
1114 1455 1294 1539 Facundus,

151 1563 213 1629 def.
237 1570 276 1629 tr.
300 1567 432 1651 capitul.
455 1568 490 1649 4,
513 1568 543 1632 2.

236 1670 444 1757 Epitomator
467 1676 584 1757 autem,
606 1674 645 1739 de
669 1673 760 1738 euius
784 1672 852 1737 vita
876 1678 908 1737 et
930 1673 1061 1738 nomine
1084 1671 1130 1735 nil
1149 1693 1293 1756 comper·
1316 1689 1336 1767 ς
1356 1686 1376 1749 3

146 1779 217 1841 tum
249 1778 417 1862 habemus,
446 1782 479 1844 et
501 1780 603 1865 ipsius
632 1779 789 1864 Hesychii
816 1778 935 1844 Milesii
963 1779 1063 1844 vitam
1091 1778 1194 1842 lexico
1222 1777 1290 1842 bio-

148 1883 303 1969 graphico
338 1887 474 1952 inseruit
506 1891 538 1953 et
571 1888 708 1953 aliorum
737 1890 919 1970 auctorum,
951 1887 1006 1972 qui
1034 1890 1109 1970 post
1137 1884 1290 1968 Hesycbii

148 1995 287 2057 aetatem
310 1994 509 2079 claruerunt,
531 1995 620 2061 velut
639 1993 835 2060 Simoeattac
855 1992 934 2079 (nisi
952 1994 1054 2078 ipsius
1078 1991 1194 2057 Suidae
1217 1990 1291 2075 est),

147 2097 285 2164 fortasse
307 2101 407 2165 etiam
426 2099 559 2187 Georgii
577 2100 713 2184 Pisidae,
729 2099 889 2185 Paulique
908 2100 1096 2186 Aeginetae,
1114 2097 1291 2162 Alexandri

147 2205 305 2271 Tralliani
329 2206 465 2292 (mortui
489 2230 517 2273 a.
537 2205 617 2293 605)
637 2207 795 2292 aequalis,
816 2204 984 2270 Menandri
1002 2204 1203 2271 Protectoria
1224 2201 1292 2287 al.¹)

148 2295 216 2378 Nec
239 2314 383 2398 dubium,
408 2315 486 2401 quin
509 2314 588 2380 haec
611 2312 769 2398 Hesychii
793 2313 933 2398 epitome
957 2311 1200 2398 insequentibus
1224 2333 1292 2375 sae·

148 2421 229 2485 culis
257 2422 400 2487 omnium
427 2421 495 2486 fere
523 2423 557 2485 iu
587 2421 736 2486 manibus
760 2420 872 2503 fuerit,
901 2418 1170 2504 quemadmodum
1193 2418 1293 2502 paulo

149 2532 223 2592 ante
247 2529 317 2614 ipse
340 2527 598 2613 Onomatologus
622 2550 749 2593 summo
772 2528 806 2591 in
830 2527 952 2591 honore
976 2528 1094 2605 fuerat,
1122 2525 1205 2590 unde
1228 2547 1293 2590 non

149 2634 245 2699 modo
268 2657 380 2701 omnes
404 2635 443 2701 dc
466 2637 572 2721 poetis
592 2634 726 2700 Graecis
749 2635 862 2719 iisque,
886 2634 941 2718 qui
959 2655 1058 2717 prosa
1076 2632 1224 2698 oratione
1242 2633 1293 2696 usi

148 2747 233 2826 sunt,
255 2743 441 2808 auctoribus
462 2766 555 2809 suam
574 2744 779 2828 acquirerent
797 2742 987 2821 doctrinam,
1010 2740 1184 2807 sedetiam
1203 2738 1293 2804 sebo·

148 2849 265 2915 liastae
297 2851 524 2936 biographieas
558 2872 623 2935 res,
656 2851 772 2935 quibus
803 2871 956 2916 exornare
985 2849 1134 2916 solebant
1161 2847 1293 2926 scholia,

148 2957 369 3039 compilarent.
415 2957 554 3023 Periisse
582 2960 690 3023 autem
719 2958 802 3022 hanc
832 2956 995 3041 epitomen
1022 2955 1210 3022 duodecimo
1241 2955 1293 3021 de-

148 3085 237 3127 mum
256 3065 384 3130 saeculo
399 3068 476 3150 post
488 3064 653 3130 Eudociae
673 3068 706 3130 et
724 3067 799 3129 ante
813 3063 975 3148 Zonarae,
992 3064 1047 3149 qui
1066 3063 1193 3146 dicitur,
1213 3066 1292 3128 tem·

147 3191 229 3253 pora
252 3169 346 3236 docui
369 3169 499 3237 Unters.
518 3195 549 3256 p.
563 3173 607 3236 93
631 3178 664 3237 et
687 3170 822 3255 praefat.
846 3171 988 3256 Hesych.
1011 3194 1042 3256 p.
1056 3170 1117 3255 XI,
1143 3193 1205 3255 quo
1229 3171 1293 3236 fac-

149 3280 219 3340 tum
247 3281 310 3362 est,
337 3282 375 3343 ut
402 3302 476 3344 mox
504 3284 661 3364 tanquam
684 3283 801 3344 iterata
823 3279 866 3344 sit
888 3301 908 3344 a
930 3278 1120 3345 tenebrione
1142 3279 1215 3362 illo,
1238 3277 1293 3362 qui

148 3380 265 3449 Suidae
284 3383 506 3470 Diogeniaque
524 3384 646 3450 Laertii
669 3386 809 3451 vitarum
828 3386 968 3451 frustula
986 3387 1197 3471 neglegenter
1216 3407 1290 3450 con-

147 3490 328 3556 taminavit.
369 3491 461 3567 Quod
485 3492 676 3576 opusculum
699 3492 821 3557 frustra
844 3490 977 3576 genuini
996 3490 1149 3577 Hesychii
1174 3514 1291 3556 nomen

147 3596 392 3682 doctrinamque
410 3600 531 3664 iactare
545 3600 668 3683 primus
683 3604 843 3686 sagaciter
856 3599 1021 3683 perspexit
1038 3600 1194 3684 Letrcirrs,
1209 3599 1292 3664 Mus.

148 3703 249 3769 Rhen.
272 3704 367 3770 XVII
399 3730 430 3791 p.
449 3707 515 3772 453
549 3704 783 3794 (Pindarschol.
816 3731 846 3793 p.
871 3708 963 3793 159),
996 3708 1048 3773 cui
1080 3729 1193 3773 omnes
1226 3708 1292 3772 fere

148 3816 262 3896 postea
285 3812 579 3910 adstipulatiosunt
602 3819 733 3897 praeter
751 3813 969 3880 Setaeideurm
992 3813 1134 3899 (Gallim.
1153 3814 1184 3879 ΙΙ
1203 3836 1233 3898 p.
1249 3816 1292 3878 24

147 3919 242 4003 not),
264 3920 320 4004 qui
343 3921 539 3986 contrariam
561 3923 673 3986 tuetur
695 3922 894 4006 opinionem,
919 3922 1054 3987 eundem
1078 3943 1203 3986 errasse
1226 3920 1291 3985 dixi

150 4026 249 4108 praef.
268 4024 407 4113 Hesycb.
425 4052 456 4113 p.
472 4025 546 4093 XII.
799 4020 803 4027 ’

222 4186 247 4252 1)
270 4185 409 4255 Agathiae
431 4202 554 4257 quoque,
578 4185 654 4242 Petri
676 4185 818 4256 Magistri,
842 4189 984 4244 Laurentii
1007 4188 1078 4258 Lydi
1102 4189 1174 4246 vitas
1196 4188 1290 4261 potius

148 4265 341 4335 epitomatoris
357 4282 417 4320 csse
432 4267 478 4321 vix
492 4257 677 4337 probabiliter
690 4267 846 4336 suspicatus
862 4272 904 4323 est
920 4270 1010 4336 Daub,
1026 4271 1104 4325 Stud.
1115 4291 1141 4342 p.
1155 4278 1214 4340 152,
1232 4271 1290 4326 Me·

148 4345 248 4400 nandri
265 4346 352 4400 vitam
372 4364 434 4401 cum
454 4346 569 4401 Rohdeo
589 4345 624 4400 ad
644 4345 758 4401 Suidam
777 4348 899 4404 reserens
913 4349 950 4403 ib.
966 4369 991 4420 p.
1009 4356 1067 4407 129.
1084 4384 1115 4391 -
1136 4352 1241 4407 Exilenr
1262 4355 1291 4406 et

147 4443 276 4481 maneam
295 4426 375 4481 Pauli
394 4427 549 4497 Aeginetae
569 4426 794 4497 Simocattaeque
815 4429 976 4484 memoriam
1000 4429 1054 4500 ipsi
1073 4432 1175 4485 Suidac
1194 4431 1289 4486 (labari

148 4510 224 4561 ratus
243 4510 286 4561 eat
304 4507 465 4573 Schneider,
484 4507 592 4562 Gallim.
610 4508 634 4561 ll
653 4526 680 4578 p.
696 4514 738 4564 27.
