3036 5114
205 312 267 378 170
664 317 878 374 HESYCHIUS.

200 478 270 562 φοῦ
300 475 470 557 Σόλωνος.
516 474 534 545 ὁ
564 478 601 545 δὲ
627 478 749 547 Σόλων
777 484 824 559 είς
847 482 961 567 Νηλέα
989 477 1148 567 ἀναφέρει
1175 479 1212 549 τὸ
1241 483 1353 568 γένος.

148 570 152 579 ’
200 582 255 648 καὶ
276 580 435 667 Ἀρίστων
466 583 503 651 δὲ
532 581 549 652 δ
574 585 757 667 Πλάτωνος
784 586 890 675 πατὴρ
920 589 954 655 ἐκ
979 591 1040 655 τοῦ
1064 587 1203 675 Κόδρου
1225 589 1353 676 γένους

199 689 373 775 κατήγετο,
401 695 462 759 τοῦ
485 690 674 762 Μελάνθου
698 698 785 764 υίοῦ.
836 693 1006 782 ἱστόρηται
1040 697 1091 780 δέ,
1121 692 1165 775 ὡς
1193 700 1228 762 έκ
1255 722 1353 776 τινος

199 803 296 877 θείας
314 796 422 879 ὅψεως
444 796 465 885 ἡ
489 797 595 887 μήτηρ
615 801 800 882 Πλάτωνος
824 808 940 889 ἔγκυος
963 804 1103 889 ἐγένετο,
1127 803 1351 889 ἐπιφανέντος

173 902 283 994 σαότῇ
311 909 372 973 τοῦ
396 902 617 987 Ἀπόλλωνος·
649 910 704 975 καλ
733 907 830 995 ἡνίκα
859 915 947 977 ἔτεκε
974 908 1033 978 τὸν
1062 909 1245 995 Πλάτωνα,
1272 909 1351 979 τότε

200 1008 283 1099 αὐτῇ
313 1009 330 1080 ὁ
360 1010 447 1099 ἀνὴρ
476 1015 681 1101 συνεγένετο.
727 1017 845 1104 ἐτέχθη
881 1014 911 1085 δ’
938 1020 974 1085 ἐν
998 1022 1120 1106 Αἰγίνη
1155 1020 1191 1085 έν
1220 1021 1261 1105 τῇ
1286 1017 1349 1104 πη’

199 1117 382 1207 ὀλυμπιάδι
410 1120 490 1208 μετά
514 1121 554 1189 τά
577 1129 736 1211 προοίμια
759 1129 820 1192 τοῦ
837 1129 1158 1211 Πελοποννησιακοῦ
1187 1125 1351 1211 πολέμου,

198 1228 253 1295 καὶ
277 1230 355 1313 ἐβίω
379 1233 434 1315 ἔτη
458 1229 493 1314 β’
516 1231 571 1297 καὶ
595 1230 640 1298 π’.
676 1235 811 1321 τελευτᾷ
834 1231 871 1298 δὲ
895 1231 947 1300 ἐπὶ
971 1237 1028 1319 τῆς
1051 1232 1109 1318 ρη’
1129 1230 1350 1319 ὀλυμπιάδος,

199 1334 279 1404 οὐδὲ
307 1334 416 1424 γάμον
443 1334 518 1405 τινά
543 1334 623 1404 οὐδὲ
647 1334 782 1425 ὁμιλίαν
805 1337 959 1420 καθάπαξ
983 1338 1134 1427 σώματος
1157 1344 1204 1420 είς
1226 1353 1351 1424 πεῖραν

160 1462 186 1501 1⁰
200 1443 392 1532 δεξάμενος·
429 1440 586 1532 εύωχήθη
616 1442 647 1513 δ’
678 1447 714 1513 έν
743 1447 840 1535 ἑορτῇ
875 1447 931 1514 καὶ
963 1443 1078 1516 ὑπνῶν
1107 1444 1240 1533 άπεβίω.
1290 1449 1351 1516 καὶ

199 1552 305 1637 ἕτεροι
334 1552 370 1619 δὲ
399 1553 554 1638 ἐγένοντο
583 1549 653 1639 μετ’
680 1551 784 1621 αὐτὸν
814 1554 882 1621 νίολ
906 1559 951 1647 τῷ
978 1552 1150 1642 Ἀρίστωνι
1175 1553 1349 1642 Ἀδείμαν-

198 1685 254 1738 τος
276 1658 331 1725 καὶ
355 1657 518 1726 Γλαύκων
546 1658 601 1724 καὶ
624 1658 769 1747 Ποτάνη
793 1659 956 1749 θυγάτηρ.
1004 1661 1121 1731 καὶτὰ
1146 1661 1206 1749 μὲν
1230 1667 1359 1748 πρῶτα.

199 1765 373 1853 γράμματα
398 1764 589 1834 διδάσκεται
611 1765 700 1853 παρά
723 1794 789 1835 τινι
814 1775 999 1860 Διονυσίῳ,
1023 1769 1219 1857 έγυμνάσθη
1243 1769 1281 1838 δὲ
1305 1769 1349 1838 τά

198 1879 245 1955 εἰς
267 1879 475 1963 παλαίστραν
497 1871 576 1959 παρ’
595 1871 767 1964 Ἀρίστωνι
788 1879 833 1966 τῷ
851 1874 999 1967 Ἀργείῳ·
1023 1875 1092 1945 εἶτα
1111 1876 1233 1966 μαθων
1251 1902 1349 1964 ποιη-

160 1981 296 2070 15τικὴν
332 1982 454 2070 γράφει
493 1982 726 2071 διθυράμβους
761 1983 817 2051 καὶ
853 1990 1047 2075 τραγῳδίας.
1102 1984 1272 2072 άπογνούς
1308 1986 1350 2054 δὲ

196 2090 327 2159 τούτων
356 2089 582 2177 ἐφιλοσόφησε
609 2089 698 2176 παρὰ
721 2090 894 2176 Σωκράτει
920 2093 972 2160 ἐπὶ
996 2098 1052 2179 ἔτη
1075 2092 1122 2180 η’·
1168 2094 1222 2160 καὶ
1246 2092 1350 2178 λόγος

198 2202 284 2266 ἰδεῖν
308 2197 509 2285 Σωκράτην,
537 2194 616 2265 καθ’
647 2196 689 2283 ἢν
718 2195 845 2286 ἡμέραν
874 2194 963 2291 αὐτῷ
992 2198 1164 2285 παρεδόθη
1188 2197 1349 2284 Πλάτων,

198 2304 325 2374 κύκνον
343 2302 448 2373 αὑτοῦ
472 2319 542 2384 τοῖς
560 2303 702 2391 γόνασιν
723 2303 982 2392 ἐπικαθήμενον.
1016 2305 1282 2394 προσηγορεύετο
1308 2307 1349 2376 δὲ

144 2472 146 2477 ,
195 2410 416 2499 Ἀριστοκλῆς,
441 2411 497 2480 διά
518 2413 555 2480 δὲ
577 2410 614 2480 τὸ
639 2411 764 2492 πλατύς
786 2410 873 2480 εἶναι
896 2410 932 2480 τὸ
958 2414 1098 2501 στέρνον
1123 2412 1266 2481 Πλάτων
1291 2415 1348 2482 ἐπ-

158 2518 402 2607 ὶθωνομάσθη,
435 2518 531 2588 άλλοι
558 2520 595 2589 δὲ
628 2516 673 2600 ὡς
703 2519 832 2588 πλατὺν
865 2521 901 2587 έν
929 2518 1042 2606 λόγοις
1069 2519 1236 2588 Πλάτωνα
1267 2527 1348 2606 κλη-

197 2632 312 2715 θῆναι.
357 2627 428 2716 τρὶς
452 2627 488 2695 δὲ
512 2630 548 2696 έν
573 2633 710 2717 Σικελίᾳ
734 2625 877 2694 Πλάτων
901 2618 985 2712 ἦλθε
1009 2623 1092 2713 πρὸς
1119 2624 1196 2705 τοὺς
1224 2626 1347 2714 τυράν-

198 2763 278 2816 νους
307 2740 513 2814 Διονυσίους
543 2735 599 2801 καὶ
631 2733 760 2819 ἐπράθη
794 2729 858 2800 ὑπὸ
892 2737 951 2800 τοῦ
983 2733 1166 2819 τυράννου·
1207 2735 1345 2817 ἐπρίατο

197 2843 234 2911 δὲ
262 2840 367 2911 αὐτὸν
395 2839 576 2928 Ἀννίκερίς
602 2869 651 2919 τις
682 2846 786 2924 Λίβυς
815 2839 870 2906 καὶ
899 2837 1014 2926 ἀφῆκε.
1065 2841 1207 2927 διέτριβε
1240 2839 1277 2907 δὲ
1307 2843 1345 2908 ἐν

197 2978 236 3038 τη
262 2949 460 3039 Ἀκαδημείᾳ
485 2947 670 3030 παιδεύων,
697 2946 752 3012 καὶ
781 2947 970 3026 διεδέξαντο
1001 2944 1063 3034 τὴν
1092 2943 1215 3033 σχολὴν
1239 2944 1347 3014 αὐτοῦ

157 3080 183 3118 ιο
198 3054 277 3123 καθ’
311 3059 370 3123 ἕνα
401 3059 484 3123 οἵδε
527 3052 742 3131 Σπεύσιππος
765 3052 990 3142 Ξενοκράτης,
1019 3053 1199 3139 Πολέμων,
1231 3052 1347 3139 Κράν-

197 3191 281 3251 τωρ,
305 3161 454 3248 Κράτης,
477 3166 709 3248 Σωκρατίδης,
731 3159 953 3245 Ἀρκεσίλαος,
978 3158 1145 3245 Λακύδης,
1167 3156 1348 3245 Εύανδρος

201 3267 372 3352 Φωκαεύς,
398 3269 541 3354 Δάμων,
561 3267 740 3348 Λεοντεύς,
760 3272 939 3354 Μοσχίων,
961 3265 1138 3353 Εὔανδρος
1154 3264 1347 3352 Ἀθηναῖος,

194 3374 409 3465 Ἡγησίνους,
434 3374 646 3463 Καρνεάδης,
670 3373 860 3461 Χαρμάδας.
885 3374 950 3441 εἰσὶ
970 3373 1006 3441 δέ
1031 3375 1066 3441 οί
1081 3371 1214 3459 γνήσιοι
1238 3369 1346 3441 αὐτοῦ

199 3484 351 3572 διάλογοι
379 3485 500 3564 πάντες
527 3483 594 3569 νς’,
626 3474 675 3552 τόν
708 3485 743 3551 οί
773 3483 833 3568 μέν
866 3486 930 3548 είσι
962 3484 1212 3567 φνσιολογικοί,
1246 3483 1281 3546 οί
1309 3479 1345 3547 δὲ

158 3591 328 3679 ιοήθικοί,
353 3596 388 3659 οί
410 3591 447 3658 δὲ
472 3594 678 3659 διαλεκτικοί,
719 3590 773 3657 καί
797 3586 816 3675 ἡ
841 3587 902 3675 μὲν
925 3593 1072 3655 πολιτεία
1097 3591 1273 3673 διαιρεῖται
1297 3592 1346 3666 είς

199 3702 313 3783 βιβλία
333 3696 371 3780 ι’,
395 3701 429 3763 οί
447 3696 483 3763 δὲ
502 3696 603 3783 νόμοι
622 3701 668 3776 είς
687 3695 743 3783 ιβ’.
784 3698 991 3782 τετραλογίαι
1011 3695 1048 3762 δὲ
1071 3693 1183 3761 λοιπαὶ
1206 3692 1255 3759 θ’.

272 3929 287 3974 3
307 3938 365 3989 seq.
385 3919 549 3989 compilavit
565 3918 800 3986 Ρειαδο-Ηιεγολι.
820 3933 841 3969 ο.
857 3922 890 3968 55
964 3922 979 3968 4
1000 3914 1100 3984 ἔγκυος
1117 3920 1141 3967 Δ
1159 3915 1223 3969 Hes.
1244 3913 1346 3985 ἔγγυος

198 4003 247 4058 rel.
323 4007 356 4055 10
374 4000 498 4054 δειπνῶν
517 4016 585 4054 corr.
601 3998 696 4051 Rohde
761 4003 793 4050 16
813 3992 968 4063 Σωκράτην
987 4000 1010 4047 Δ
1047 3992 1093 4048 ἐπλ
1113 4012 1166 4049 om.
1183 4002 1206 4048 v
1242 3995 1272 4065 η’
1293 4016 1345 4066 pro

199 4081 226 4139 κ’
244 4100 312 4137 corr.
327 4081 434 4147 Rolade,
453 4079 517 4148 περὶ
537 4078 558 4134 ἐ.
579 4076 607 4133 κ’
628 4072 668 4132 ὤν
684 4075 768 4129 Παιιδ
825 4081 857 4128 18
877 4072 979 4129 κύκλον
994 4079 1040 4127 ΔΒ
1096 4081 1130 4129 ‘20
1149 4073 1259 4144 λέγουσι
1279 4083 1347 4146 post

200 4160 339 4219 Πλάτωνα
358 4159 421 4213 add.
435 4163 466 4224 V,
490 4158 538 4225 qui
557 4160 640 4211 antea
658 4152 706 4209 διά
724 4151 755 4208 τὸ
780 4153 888 4209 πλατύν
907 4153 982 4208 εἶναι
1054 4161 1087 4209 26
1106 4157 1290 4225 Σωκρατίδης
1313 4161 1347 4212 ut

200 4245 311 4302 videtur
324 4247 359 4303 Δ,
380 4236 410 4295 οί
426 4236 458 4292 δὲ
477 4234 648 4302 Σωκράτους
667 4236 729 4290 edd.
748 4236 830 4300 κεδας
848 4235 923 4302 quod
943 4235 996 4290 del.
1016 4234 1181 4304 Bernhardy
1200 4238 1346 4303 Σωκρατί-

200 4330 248 4390 δες
261 4330 322 4391 BV3
342 4323 377 4378 cf.
397 4318 533 4375 Bficheler
551 4336 576 4387 p.
594 4324 626 4371 12
695 4324 728 4371 27
750 4312 863 4377 Φωκεύς
877 4315 958 4383 Diog.
975 4313 1020 4380 IV,
1035 4318 1069 4367 60
1133 4321 1167 4370 28
1186 4314 1346 4386 Χοιρμάδας

200 4427 269 4463 corr.
288 4386 507 4461 Πειδείενδειείαι
526 4394 662 4466 Ἀρμάδας
678 4398 748 4464 ταῖς.
840 4402 873 4449 29
898 4393 950 4449 είσι
971 4393 1075 4447 add.A
1161 4401 1196 4448 30
1214 4396 1345 4468 πολιτικὴ
1385 4443 1397 4464 ,

202 4490 276 4543 Eud.
350 4491 381 4539 31
403 4482 592 4553 τερατολογίαι
613 4482 746 4531 nm
760 4477 836 4531 Eud.
857 4475 1059 4543 παρατολογίαι
1077 4477 1136 4527 ΔΙδ.
