3036 5114
207 321 272 385 252
682 327 875 387 APPENDIX.

206 481 266 552 τὸν
292 481 509 573 Ἀλέξανδρον
543 486 702 576 δεύτερον
735 495 854 572 κτίζειν
887 492 942 560 καί
974 492 1088 582 χώραν
1120 495 1237 582 έτέραν
1272 493 1364 585 αύτῆ

206 592 444 680 προσδιδόναι,
474 591 555 662 ἀνθ’
582 586 630 662 τόν
660 599 695 664 οί
716 603 930 685 Σταγειρίται
959 604 1050 687 μῆνα
1074 601 1363 689 προσηγόρευσαν

203 696 472 788 Ἀριστοτέλειον,
494 703 550 770 καὶ
575 701 693 791 έορτῆν
716 695 801 790 ῆγον
818 703 1057 791 Ἀριστοτέλεια
1080 708 1135 776 καὶ
1154 710 1192 777 έν
1211 716 1361 780 Χαλκίδι

205 804 461 894 τελευτήσαντος
488 811 736 898 μετεπέμψαντο
764 812 802 881 τὸ
827 817 922 901 σῶμα
946 815 1001 882 καὶ
1026 822 1144 905 βωμον
1166 817 1359 904 ἐπέστησαν

178 917 249 1005 ετῷ
278 914 372 1006 τάφῳ
402 917 457 984 καί
482 915 740 1001 Ἀριστοτέλειον
766 919 827 988 τὸν
854 920 960 990 τόπον
988 922 1166 1009 ἐκάλεσαν,
1198 925 1256 993 καὶ
1288 928 1362 995 ἐκεῖ

214 1019 414 1110 τῆνβουλῆν
434 1023 609 1112 ἤθροιζον,
628 1026 682 1094 καὶ
703 1025 862 1111 Ἐρεσσόν
882 1030 1073 1115 μέλλουσαν
1091 1028 1156 1099 ὑπὸ
1181 1037 1357 1103 Φιλίππου

203 1134 472 1217 πολιορκηθῆναι
496 1136 626 1200 ἔπεισεν
648 1131 828 1221 ἀφεθῆναι.
872 1133 978 1204 πολλά
1006 1136 1044 1205 δέ
1070 1139 1125 1205 καὶ
1149 1137 1357 1226 Ἀθηναίους

203 1233 424 1325 εὐηργέτησεν
443 1241 479 1306 έν
498 1253 567 1319 τοῖς
585 1238 668 1327 πρὸς
685 1246 853 1309 Φίλιππον
870 1241 1073 1330 γράμμασιν,
1093 1240 1138 1324 ὡς
1148 1242 1355 1332 Ἀθηναίους

167 1345 244 1417 δέν
275 1348 314 1434 τῆ
348 1343 527 1432 ἀκροπόλει
558 1344 743 1434 ἀνδριάντα
777 1344 866 1440 αύτῷ
899 1346 1089 1418 ἀναθεῖναι.
1135 1354 1192 1419 ἵνα
1225 1353 1263 1421 δὲ
1296 1356 1354 1423 καὶ

165 1475 189 1515 ιο
202 1451 329 1533 πάντας
347 1450 551 1540 ἀνθρώπους
570 1452 780 1544 εύεργετῆση,
800 1454 919 1544 γράφει
937 1460 983 1549 τῷ
995 1455 1199 1550 Ἀλεξάνδρῳ
1214 1465 1352 1547 βιβλίον

201 1561 276 1646 περὶ
310 1567 494 1645 βασιλείας,
528 1561 712 1646 διδάσκων,
745 1562 833 1645 ὅπως
865 1565 1096 1651 βασιλευτέον,
1127 1564 1208 1653 ὅπερ
1243 1566 1353 1650 οὕτως

202 1671 342 1752 ἔδρασεν
366 1671 413 1746 είς
435 1665 497 1753 τῆν
518 1665 737 1753 Ἀλεξάνδρου
756 1668 878 1757 φυχῆν,
902 1668 947 1751 ὡς
972 1673 1093 1759 λέγειν,
1119 1671 1173 1742 ὅτε
1196 1674 1241 1762 μῆ
1261 1673 1349 1763 ἀφέ-
1384 1673 1388 1681 ’

200 1778 282 1861 λησέ
299 1797 387 1843 τινα·
416 1773 574 1864 εσῆμερου
589 1773 650 1844 οὐκ
665 1778 873 1862 ἐβασίλευσα,
895 1775 1019 1846 οὐδένα
1037 1777 1102 1865 γάρ
1121 1771 1160 1848 εὖ
1179 1783 1349 1869 έιτοίησα’,

200 1880 280 1969 ὅπερ
308 1893 383 1952 ἴσον
412 1884 480 1954 ἐστὶ
508 1888 553 1977 τῷ
585 1887 767 1972 ἐπιχωρίως
793 1887 961 1978 λεγομένῳ
985 1887 1129 1956 ἐπὶτῶν
1154 1885 1205 1956 ἐπ’
1232 1886 1350 1977 ὀλίγον

163 2018 187 2058 15
202 1989 480 2078 ἀρρωστούντων,
502 1990 592 2061 τοῦτ’
616 1997 705 2059 ἔστιν
729 1990 897 2080 ἐφήμερον
921 1992 1027 2061 νόσον
1045 1992 1151 2080 επαρά
1174 1997 1271 2082 μίαν’
1291 1997 1349 2066 διὰ

143 2162 157 2178 κ
202 2097 293 2185 [γάρ]
325 2098 363 2167 τὸ
391 2098 436 2188 μῆ
465 2103 601 2186 ποιῆσαι
630 2097 692 2186 τῆν
720 2097 847 2186 ἡμέραν
879 2101 1011 2186 ἐκείνην
1037 2100 1095 2181 τὰς
1122 2099 1351 2188 ὑγιαινόντων

187 2204 363 2294 έργασίας.
396 2206 581 2294 ἀκμάσαντι
602 2207 638 2274 δὲ
655 2204 859 2297 Ἀλεξάνδρῳ
878 2206 933 2274 καὶ
953 2206 1247 2296 έπιστρατεύσαυτι
1266 2209 1350 2278 κατά

200 2319 344 2401 Περσων
364 2315 569 2399 συνεξῆλθεν
585 2311 664 2381 οὐδὲ
682 2311 756 2381 τότε
771 2317 875 2400 <τού>
889 2321 1091 2403 φιλοσοφεῖν
1106 2313 1351 2404 ἀποσχόμενος·

122 2463 130 2479 ·
200 2419 262 2507 τῆν
286 2418 348 2506 γὰρ
373 2424 524 2505 ἱστορίαν
547 2423 615 2489 τῶν
638 2424 811 2489 πολιτειῶν
833 2419 907 2489 τότε
931 2421 1093 2504 συνέλεξε.
1117 2423 1172 2489 καὶ
1192 2423 1350 2510 μέλλοντι

159 2558 186 2599 ιο
200 2527 406 2617 συμβάλλειν
434 2532 479 2622 τῷ
509 2533 663 2621 Περσικῷ
697 2530 829 2619 πολέμῳ
858 2533 921 2614 ἔφη
949 2524 1087 2596 ἀπαίσια
1114 2530 1282 2615 γενέσθαι.
1330 2529 1349 2600 ὁ

199 2637 236 2706 δὲ
260 2636 305 2725 μῆ
329 2637 478 2717 πεισθεὶς
502 2637 666 2723 συνέβαλε
688 2636 744 2704 καὶ
768 2634 987 2721 ἐτελεύτησεν.
1023 2636 1078 2702 καὶ
1100 2632 1162 2724 ούχ
1185 2627 1286 2724 ῆττον
1311 2636 1349 2706 δὲ

198 2750 266 2814 τῶν
290 2743 499 2832 φθασάντων
519 2745 696 2831 βασιλέων,
716 2741 893 2830 Ἀμύντου,
919 2747 1098 2828 Φιλίππου,
1118 2739 1351 2832 Ὀλυμπιάδος,

196 2849 419 2942 Ἀλεξάνδρου
455 2854 667 2937 Ἀντίπατρος
703 2849 722 2919 ό
761 2847 997 2937 διαλεξόμενος
1031 2848 1093 2936 τῆν
1127 2848 1349 2936 Ἀλεξάνδρου

198 2967 372 3048 βασιλείαν
398 2958 453 3027 διά
479 2963 576 3047 τιμῆς
599 2957 665 3046 εἶχε
683 2955 743 3026 τὸν
764 2956 1003 3042 Ἀριστοτέλην.
1039 2960 1099 3025 τοῦ
1119 2957 1156 3024 δέ
1179 2963 1349 3027 Σπευσίπ-

158 3092 183 3132 τε
197 3094 263 3135 που
292 3065 567 3150 τελευτήσαντος,
601 3067 636 3130 οί
665 3061 729 3131 ἀπὸ
759 3067 816 3149 τῆς
844 3067 966 3152 σχολῆς
993 3066 1259 3151 μεταπέμπονται
1286 3064 1350 3134 τὸν

195 3169 424 3257 Ἀριστοτέλην
447 3171 502 3238 καὶ
528 3171 740 3257 διαδέχονται
763 3168 868 3257 αύτῆν
892 3168 994 3251 αύτός
1012 3197 1046 3239 τε
1065 3171 1121 3238 καὶ
1139 3170 1351 3258 Ξενοκράτης

198 3280 472 3366 σωφρονέστατα,
496 3279 550 3346 καὶ
572 3277 798 3364 Ἀριστοτέλης
820 3277 881 3364 μέν
905 3279 942 3346 έν
963 3283 1110 3368 Λυκείῳ,
1138 3276 1350 3364 Ξενοκράτης

199 3387 235 3456 δέ
260 3389 296 3454 έν
316 3384 526 3478 Ἀκαδημείᾳ,
546 3392 632 3456 ἔνθα
654 3385 709 3454 καλ
733 3383 879 3454 Πλάτων
902 3386 1106 3455 ἐπαίδευσεν.
1151 3382 1192 3453 ού
1215 3381 1278 3472 γάρ
1302 3383 1349 3467 εδς

196 3493 421 3579 Ἀριστόξενος
453 3498 594 3580 ίστορεῐ,
627 3494 810 3572 Πλάτωνος
843 3495 964 3574 ζῶντος
995 3491 1050 3559 καὶ
1083 3492 1120 3559 έν
1146 3488 1347 3582 Ἀκαδημείᾳ

158 3591 427 3705 ἕξπαιδεύοντος,
446 3598 726 3692 ἀντῳκοδόμησευ
750 3596 1006 3687 όἈριστοτέλης
1019 3597 1056 3667 τὸ
1072 3599 1226 3668 Λύκειον.
1254 3607 1347 3687 εἰπερ

198 3707 262 3792 γάρ
300 3735 349 3789 τις
385 3707 500 3791 ἀλλος,
537 3714 691 3795 φαίνεται
732 3705 749 3775 ό
780 3704 1004 3793 Ἀριστοτέλης
1035 3707 1348 3794 καταπεπληγμένος

200 3813 384 3901 Πλάτωνα,
409 3814 584 3903 ἐπιγράφει
603 3815 667 3902 γάρ
692 3820 738 3894 είς
760 3812 877 3881 αύτόν·
931 3810 936 3823 ’

271 4019 286 4066 2
307 4009 493 4067 καταδιδύναι
514 4016 543 4068 et
561 4008 772 4080 κατηγόρευσαν
791 4010 851 4065 cod.
870 4011 932 4079 (sed
951 4011 978 4064 in
999 4029 1087 4082 marg.
1102 4009 1344 4082 προσηγόρευσαν)

199 4112 268 4151 corr.
287 4092 380 4149 Robbe
441 4099 473 4146 16
493 4092 521 4146 in
540 4109 627 4164 marg.
647 4091 751 4163 legitur
769 4094 919 4162 παροιμίας
938 4088 994 4161 γάρ
1013 4093 1113 4147 seclusi
1133 4096 1230 4163 utpote
1249 4092 1346 4147 absur-

200 4175 266 4229 dum
340 4177 372 4227 17
397 4165 559 4239 εὐεργεσίας
577 4172 637 4227 cod.
657 4172 762 4236 Robbe;
782 4168 914 4240 ἐργασίας
932 4173 1027 4226 Βαλίε
1091 4178 1123 4228 18
1142 4173 1192 4226 τοῦ
1211 4189 1265 4227 om.
1285 4173 1346 4227 eod.

199 4257 263 4311 add.
275 4255 375 4311 ‘Robbe
446 4257 481 4306 20
501 4249 556 4319 ἔφη
576 4246 695 4305 ἀπαίσια
714 4269 781 4306 corr.
798 4253 905 4320 Rohde,
925 4251 981 4321 έφη
999 4249 1034 4307 τά
1054 4254 1132 4306 αἴσια
1151 4252 1211 4307 cod.
1230 4252 1324 4308 Robbe

201 4343 235 4392 28
255 4331 288 4392 ού
307 4333 362 4406 γὰρ
381 4328 419 4396 ὡς
434 4327 483 4400 Ἀρ.
502 4326 619 4398 ὕστερον
643 4331 702 4385 eod.
728 4328 762 4386 ού
784 4330 838 4402 γὰρ
857 4327 896 4395 ιδς
916 4328 965 4400 Ἀρ.
985 4330 1093 4399 ἱστορεῖ
1111 4331 1160 4386 καλ
1176 4328 1347 4400 Ἀριστοκλῆς

200 4410 319 4485 ὕστερον
338 4416 408 4471 coni.
423 4415 515 4470 Βαθὺν
529 4412 592 4469 coll.
608 4430 634 4482 p.
650 4418 711 4481 250,
726 4420 768 4483 27,
787 4409 821 4468 ού
839 4408 893 4483 γάρ
913 4407 951 4477 ὡς
967 4408 1149 4482 Ἀριστόξενος
1163 4409 1272 4483 ίιτορεῐ
1281 4411 1346 4467 sim·

203 4495 304 4565 pliciun
323 4496 418 4554 Rolade
