3036 5114
228 331 270 396 68
690 332 903 388 HESYCHIUS.

221 516 231 531 ·
316 495 451 562 OOLIX.
472 490 966 581 ἘρασίστρατοςἸουλιήτης
985 490 1050 562 άπὸ
1063 491 1233 582 Ἰουλίδος,
1247 495 1375 575 πόλεως

227 605 303 672 Κέω
331 608 389 691 τῆς
416 603 532 689 νήσου.
583 606 769 691 χρηματίζει
804 592 867 668 οὖν
895 601 1019 688 Κήϊος,
1051 601 1126 680 υίδς
1153 601 1375 689 Κρητοξένης,

226 715 285 796 τής
307 715 446 798 Μηδίου
471 714 531 778 τοῦ
556 713 673 795 ἰατροῦ
698 705 860 795 ἀδελφῆς,
888 710 943 776 καὶ
967 707 1214 796 Κλεομβρότου.
1261 699 1374 792 [οὗτος

225 815 394 906 Ἀντίοχον
417 815 477 886 τὸν
501 818 637 903 βασιλέα
657 820 826 884 νοσοῦντα
845 814 910 885 ὑπὸ
930 820 990 884 τοῦ
1009 820 1067 902 τής
1085 819 1247 904 μητρυιᾶς
1267 822 1374 901 Στρα-

187 932 360 1019 Ιστονίκης
387 924 500 993 πόθου
529 923 660 1010 ἰάσατο,
696 920 806 1011 εὑρὼν
834 922 871 992 τὸ
902 922 1012 1003 πάθος
1039 927 1074 992 ἐκ
1102 929 1162 992 τοῦ
1191 937 1283 1010 σχεῖν
1310 920 1374 1010 τήν

199 1027 212 1059 ⁵
227 1048 320 1122 χεῖρα
352 1034 404 1102 ἐπὶ
436 1031 498 1120 τήν
529 1038 671 1122 καρδίαν
703 1030 806 1102 αὐτοῦ
834 1033 889 1100 καὶ
916 1031 977 1100 τὸν
1003 1041 1136 1119 παλμον
1166 1030 1374 1100 συνεικάσαι·

227 1138 342 1221 ὁσάκις
370 1140 432 1232 γάρ
461 1147 597 1229 ε”βλεπευ
626 1137 833 1226 δἈυτίοχος
860 1138 923 1226 τήν
952 1138 1118 1228 μητρυιάν
1141 1136 1245 1208 αὐτοῦ
1268 1138 1375 1226 τυχὸν

227 1251 457 1337 διερχομένην,
478 1248 636 1317 ἐπάλλετο
655 1245 716 1335 τήν
735 1252 877 1333 καρδίαν
896 1247 1037 1335 μάλιστα
1054 1251 1099 1340 τῷ
1114 1249 1236 1334 ταύτης
1251 1251 1372 1334 ἔρωτα]

226 1358 387 1425 τέθαπται
416 1356 453 1424 δέ
481 1355 563 1445 πρὸς
590 1359 635 1423 τά
664 1354 735 1443 ὄρει
763 1359 803 1441 τῆ
832 1357 992 1445 Μυκάλη,
1019 1381 1219 1443 καταυτικρυ
1243 1355 1374 1442 Σάμου.

20 1434 67 1487 W
188 1468 372 1550 ιοέγραψευ
396 1461 527 1552 ἰατρικὰ
549 1426 662 1549 βιβλία
685 1461 734 1530 θ’.
785 1423 791 1443 ¹
832 1427 859 1479 α

317 1589 438 1657 COLX.
481 1588 814 1677 Ἐρατοσθένης
843 1584 984 1674 Ἀγλαοῦ
1017 1592 1067 1676 (οἱ
1095 1586 1132 1656 δὲ
1157 1583 1374 1674 Ἀμβροσίου)

228 1703 433 1784 Κυρηναῖος,
453 1693 606 1784 μαθητής
619 1694 812 1782 φιλοσόφου
828 1692 1026 1785 Ἀρίστωνος
1041 1699 1143 1783 <τοῦ>
1158 1702 1255 1780 Χίου,
1273 1721 1375 1782 γραμ-

227 1807 368 1892 ματικοῦ
397 1802 434 1870 δὲ
462 1809 638 1871 Λυσανίου
665 1806 725 1871 τοῦ
756 1809 955 1893 Κυρηναίου
982 1804 1037 1870 καὶ
1068 1804 1285 1890 Καλλιμάχου
1312 1806 1375 1869 τοῦ

227 1915 378 1999 ποιητοῦ.
414 1903 628 1999 μετεπέμφθη
654 1911 690 1978 δε
714 1913 747 1992 ἐξ
768 1907 963 1997 Ἀθηνῶν“
946 1909 1011 1978 υπὸ
1035 1915 1095 1978 τοῦ
1115 1917 1230 1999 τρίτου
1248 1916 1374 1978 Πτολε-

188 2025 345 2148 ιομαίομ,
381 2018 436 2086 καὶ
470 2020 618 2106 διέτριψε
650 2020 744 2106 μέχρι
776 2023 837 2086 τοῦ
869 2020 1033 2145 πέμπτου,
1066 2017 1121 2086 διδι
1156 2018 1193 2085 δέ
1224 2015 1261 2086 τὸ
1298 2022 1375 2086 δευ-

228 2128 374 2214 τορεύειν
408 2128 444 2193 ἐν
475 2128 574 2194 παντὶ
602 2129 684 2194 είδει
713 2129 864 2205 παιδείας
890 2139 960 2206 τοῖς
987 2125 1103 2214 άκροις
1130 2128 1262 2214 ἐγγίσας
1288 2129 1380 2232 βήτα

229 2233 409 2321 ἐπεκλήθη·
439 2261 456 2300 ο
459 2233 529 2301 ίδε
553 2235 608 2301 καὶ
632 2230 833 2322 δεάτερου’1
815 2262 834 2321 η
864 2235 943 2302 νεόν
967 2236 1149 2319 Πλάτωνα,
1175 2233 1271 2301 ἄλλοι
1299 2234 1375 2300 πέυ

229 2350 357 2434 ταθλον
382 2339 552 2408 ἐκάλεσαν.
589 2342 707 2427 ἐτέχθη
728 2339 764 2407 δε
784 2365 843 2427 ρκς
849 2338 1069 2427 ’ὀλυμπιάδα
1088 2340 1144 2408 καὶ
1163 2324 1374 2428 ἐτελεύτησεν

228 2449 265 2517 π’
298 2451 381 2517 ἐτῶν
408 2450 569 2536 γεγονώς,
598 2450 826 2537 άποσχόμειος
848 2453 975 2536 τροφής
994 2448 1050 2517 διὰ
1073 2448 1110 2517 τὸ
1135 2446 1375 2537 ἀμβλυώττειν,

171 2556 384 2645 ,ομαθητήν
417 2559 579 2657 ἐπίσημον
607 2553 796 2625 καταλιπὼν
823 2553 1065 2644 Ἀριστοφάνην
1092 2555 1152 2626 τὸν
1176 2556 1374 2644 Βυζάντιον,

229 2691 269 2733 ου
302 2664 402 2733 πάλιν
433 2663 644 2754 Ἀρισταρχος
675 2663 835 2751 μαθητής.
889 2664 1038 2751 μαθηταὶ
1071 2664 1107 2732 δε
1140 2661 1244 2733 αὐτοῦ
1277 2672 1373 2733 Μνα-

228 2775 306 2852 σέας
328 2773 383 2840 καὶ
405 2775 606 2859 Μένανδρος
636 2773 691 2840 καὶ
710 2769 866 2860 ’Ἀριστις
904 2776 1072 2856 ἐγραψεδ
1055 2771 1092 2838 δέ
1119 2771 1291 2859 φιλόσοφα
1318 2774 1373 2840 καὶ

228 2880 395 2968 ποιήματα
418 2882 472 2987 καὶ
497 2885 660 2967 ἱστορίας,
685 2877 911 2967 άστρονομίαν
937 2872 957 2964 ή
981 2878 1276 2969 καταστερισμοάς,
1298 2880 1374 2965 περὶ

229 3031 352 3038 ·-——·-
362 3031 440 3037 -.—

300 3122 405 3177 CCLIX
424 3122 536 3177 Errssse
557 3123 668 3178 constat
686 3122 781 3192 Steph.
798 3123 853 3190 Byz
871 3141 896 3177 v.
917 3122 993 3189 Κῶς,
1012 3122 1061 3190 qui
1079 3124 1154 3178 hunc
1173 3122 1371 3177 Erasistratum

229 3202 315 3258 Coum
339 3204 419 3270 fecit,
444 3203 497 3258 sibi
521 3202 575 3272 ipsi
599 3204 762 3257 adversatus
785 3222 810 3256 v.
833 3199 928 3265 Ἰουλίς
1002 3212 1014 3257 1
1038 3198 1189 3267 Ἰουλιάδος
1206 3206 1279 3276 tuly.
1303 3223 1372 3261 corr.

229 3285 391 3355 Μεκαγίαα,
416 3303 468 3339 ree.
489 3284 636 3339 Westerm.
714 3290 730 3336 2
750 3282 829 3344 Κέως
847 3287 870 3334 Δ
960 3289 976 3337 3
1000 3277 1082 3347 οὗτος
1101 3316 1133 3325 -
1154 3284 1235 3354 ἔρωτι
1259 3302 1314 3341 non
1336 3287 1374 3340 ab

228 3364 366 3435 Hesychio
387 3366 512 3436 perfecta
531 3368 604 3433 sunt,
623 3364 670 3419 sed
685 3364 772 3434 ipsius
789 3362 890 3416 Suidae
907 3363 1033 3418 sollertis
1047 3365 1145 3420 addita
1158 3384 1192 3420 ex
1206 3367 1279 3422 Plut.
1295 3366 1373 3421 Dem.

227 3464 254 3515 p.
275 3453 325 3501 907
345 3447 390 3502 vel
411 3446 530 3517 Appian.
550 3447 584 3500 de
604 3445 684 3499 bellis
704 3444 761 3514 Syr.
781 3463 808 3514 p.
828 3451 879 3498 204
900 3445 945 3498 vel
963 3444 1025 3498 val.
1045 3445 1117 3500 Max.
1132 3446 1165 3516 V,
1182 3452 1196 3500 7
1213 3447 1257 3501 vel
1271 3446 1307 3502 al.
1331 3446 1371 3503 cf.

228 3526 298 3583 Mus.
318 3528 405 3584 Rhen.
425 3527 527 3581 XXXV
547 3547 574 3598 p.
594 3533 645 3580 210
718 3531 732 3580 7
754 3521 903 3587 ὁσάκις-
925 3523 1005 3592 ἔρωτι
1024 3543 1077 3581 om.
1097 3532 1120 3579 Δ

300 3616 390 3670 CCLX
414 3617 489 3673 Εαιί.
514 3637 540 3687 p.
561 3624 620 3671 300.
658 3615 698 3670 Cf.
719 3614 813 3683 Steph.
833 3613 897 3683 Byr..
922 3632 947 3668 v.
961 3611 1090 3684 Κυρήνη.
1128 3616 1262 3671 Trsetsnt
1286 3615 1373 3671 Bern-

227 3695 325 3764 hardy,
343 3695 519 3751 Eratosthen.
539 3715 565 3766 p.
582 3696 634 3750 VII
649 3713 719 3767 seq„
738 3695 832 3762 θεοῦ,
852 3695 930 3749 Stud.
949 3713 977 3764 p.
996 3700 1030 3749 83
1104 3702 1135 3750 11
1160 3693 1189 3751 οἱ
1210 3694 1242 3751 δέ
1264 3691 1371 3769 ’λμβρο-

228 3776 289 3829 σίοο
314 3792 366 3831 0111.
387 3777 462 3831 Eud.
487 3794 569 3833 nemo
590 3782 702 3846 praeter
720 3777 834 3831 Suidam
853 3776 1082 3830 commemoravit
1160 3783 1191 3830 12
1211 3780 1372 3848 Κυρηναῖος

228 3873 281 3910 om.
297 3856 372 3910 Eud.
429 3848 510 3920 οὗτος
530 3853 651 3926 ἤκουσεν
670 3858 744 3911 Eud.
833 3851 998 3925 Ἀριστοχιόυ
1017 3861 1040 3907 V
1062 3857 1112 3911 τοῦ
1131 3860 1202 3911 Χίου
1225 3860 1373 3927 proposuit

227 3935 406 4006 Bernhardy,
425 3940 497 3992 Χίου
516 3940 587 4008 tuly.
676 3945 708 3991 14
726 3935 915 4008 μετεπέμφθη
936 3969 966 3976 -
983 3933 1096 4006 Ἀριστις
1114 3955 1168 3992 om.
1188 3938 1263 3995 Ειιδ.

230 4022 262 4070 16
282 4014 417 4085 διέτρεφε
438 4017 522 4072 Daui>
573 4014 621 4072 διά
634 4029 674 4058 ‘-
695 4014 839 4085 ἐπεκλήθη
860 4017 1008 4087 descripsit
1028 4018 1274 4090 Pseudo-Hesych.
1294 4038 1317 4074 c.
1336 4029 1370 4076 27

231 4105 262 4152 16
283 4093 408 4166 ἐγγίσασι
426 4099 498 4168 υιιλγ.
519 4095 634 4168 ἐγγίζειν
655 4099 718 4154 Κατ.
739 4095 851 4168 ἐγγίσας
865 4120 933 4157 corr.
951 4091 1087 4170 Τοκμίαο,
1106 4101 1154 4169 qui
1174 4104 1202 4155 st
1221 4097 1371 4170 ἐγγίσαντα

229 4178 355 4233 laudavit
373 4173 484 4250 βήματα
504 4179 567 4233 libri
588 4181 659 4252 βήτα
679 4180 744 4235 Hes,
829 4188 860 4237 18
881 4179 984 4251 ἐτέχθη
1006 4213 1039 4221 -
1058 4182 1107 4235 καλ
1130 4198 1183 4236 om.
1203 4186 1233 4248 V,
1253 4199 1372 4248 quorum

229 4261 291 4314 loco
311 4259 382 4329 legit
400 4251 483 4322 οὗτος
556 4267 588 4314 19
608 4256 866 4332 άποσχισόμενοςλ
938 4272 972 4320 20
992 4259 1122 4333 μαθητής
1141 4261 1211 4317 sis
1280 4253 1316 4316 '21
1336 4258 1371 4318 οὗ

228 4340 313 4396 πάλιν
334 4374 366 4381 -
379 4337 494 4410 ’Ἀριστις
513 4343 606 4396 om.V
693 4349 726 4397 22
741 4341 853 4411 Ἆρεστις
872 4344 997 4400 defendit
1017 4344 1154 4409 Μείιιτίιτ,
1175 4343 1211 4396 ad
1231 4343 1371 4399 Theocrit.

229 4423 293 4492 Vll,
314 4430 364 4478 100
387 4418 580 4492 Ἀριστοφάνης
598 4424 693 4493 inepte
712 4426 823 4494 flagitat
840 4426 1006 4495 Bernhardy
1078 4429 1112 4477 23
1132 4421 1373 4494 καταστηριγμοάς

228 4505 346 4561 ΔΕιιιί.
364 4506 436 4576 tuly.
456 4502 692 4576 καταστερισμοάς
713 4506 814 4562 Portus

1391 1991 1452 2033 ἵνα.»
