3036 5114
198 281 263 345 216
663 286 876 342 HESYCHIUS.

197 450 311 531 βιβλία
334 445 380 532 β’,
404 447 558 532 περὶτοῦ
577 447 658 515 κατὰ
672 446 854 535 Ῥωμαίους
873 451 1030 518 ἐνιαυτοῦ
1047 456 1181 537 βιβλίον
1200 450 1249 537 α’,
1274 455 1359 543 περὶ

197 559 265 622 τῶν
294 556 330 622 έν
353 567 423 634 τοῖς
446 560 589 640 βιβλίοις
612 560 758 643 σημείων
782 557 827 641 α’,
856 557 930 643 περὶ
954 560 1012 643 τῆς
1035 559 1229 645 Κικέρωνος
1253 567 1357 629 πολι-

196 666 285 741 τείας
313 661 346 727 or'
371 659 549 749 (ἀντιλέγει
581 662 618 730 δὲ
641 666 685 754 τῷ
712 662 885 754 Διδύμη),
916 666 991 751 περὶ
1015 661 1192 752 ὀνομάτων
1215 674 1355 758 κυρίων

196 768 252 835 καὶ
275 768 366 849 ἰδέας
389 769 589 858 ἐσθημάτων
612 771 667 838 καὶ
688 767 913 858 ὑποδημάτων
932 772 1073 840 καὶτῶν
1093 771 1206 842 άλλων
1226 769 1279 855 οἷς
1296 803 1353 857 τις

170 873 436 965 ὁάμφιένννται,
466 879 540 966 περὶ
571 878 758 965 δυσφήμων
787 880 907 960 λέξεων
937 878 1011 966 ἤτοι
1037 885 1261 969 βλασφημιῶν
1292 884 1355 952 καὶ

196 983 305 1052 πόθεν
334 984 468 1072 ἑκάστη,
499 986 573 1073 περὶ
596 984 723 1074 Ῥώμης
750 988 806 1054 καὶ
837 990 905 1061 τῶν
934 988 971 1055 ἐν
1000 985 1083 1078 αὐτῇ
1111 995 1265 1078 νομίμων
1292 993 1353 1060 καλ

195 1090 292 1179 ἠθῶν
322 1098 435 1179 βιβλία
462 1093 508 1180 β’,
537 1093 753 1180 συγγενικόν,
783 1093 966 1181 Καισάρων
996 1097 1152 1185 (περιέχει
1181 1099 1218 1166 δὲ
1249 1103 1355 1184 βίους
1438 1175 1444 1185 ‚

196 1198 278 1269 κατὰ
310 1199 468 1288 διαδοχάς
498 1198 609 1268 αὐτων
633 1198 697 1269 άπὸ
719 1199 863 1271 Ἰουλίου
887 1203 948 1284 ἕως
968 1208 1196 1292 Δομετιανοῦ)
1232 1211 1353 1293 βιβλία
1378 1183 1434 1225 ‘'⁸''

197 1306 243 1393 η’,
268 1307 393 1395 στέμμα
412 1304 585 1395 Ῥωμαίων
608 1304 747 1396 άνδρῦν
770 1307 950 1397 ἐπισήμων.

162 1434 188 1472 10
293 1414 464 1483 DCCOIII.
493 1421 523 1482 Τ
523 1415 768 1502 ριβωνιανὸς
788 1421 1057 1487 Μακεδονιανοῦ.
1077 1417 1140 1488 άπὸ
1158 1420 1353 1511 δικηγόρων

198 1527 267 1591 τῶν
305 1519 472 1609 ὑπάρχων.
529 1514 641 1607 [οὗτος
678 1521 696 1591 ὑ
734 1524 960 1610 Τριβωνιανὸς
975 1523 1099 1614 Ἕλλην
1132 1524 1259 1617 ὑπῆρχε
1293 1532 1353 1599 καὶ

199 1628 304 1709 άθεος
322 1631 377 1698 καὶ
395 1628 571 1716 ἀλλότριος
590 1629 670 1697 κατὰ
690 1629 799 1698 πάντα
818 1634 875 1718 τῆς
893 1636 960 1700 των
979 1640 1181 1720 χριστιανῦν
1197 1641 1353 1724 πίστεως,

199 1735 300 1819 κόλαξ
324 1737 361 1807 δέ
384 1739 439 1805 καὶ
463 1734 615 1805 άπατεῦν
638 1738 693 1805 καὶ
717 1744 847 1806 πείθων
864 1736 1109 1810 Ἰονστινιανὸν
1131 1740 1192 1809 τὸν
1210 1746 1353 1828 βασιλέα

199 1841 244 1925 ὦς
267 1841 318 1914 ὅτι
343 1843 405 1915 οῦκ
428 1843 659 1933 ἀποθανεῖται,
678 1842 753 1914 ἀλλ’
776 1838 822 1926 είς
840 1845 920 1926 τοῦς
941 1846 1107 1935 οὐρανοὺς
1125 1847 1205 1936 μετὰ
1227 1852 1353 1938 σαρκὸς

166 1971 190 2010 1⁵
205 1949 490 2042 άναληφθήσεται.
536 1945 579 2041 ἦν
604 1952 640 2022 δέ
663 1959 842 2040 κοιαίστωρ
863 1951 1127 2040 Ἰονστινιανοῦ]

294 2062 464 2129 ΒΟΟΟΝ.
506 2060 782 2149 Τριβωνιανὸς
802 2060 965 2149 Σιδητης,
987 2061 1053 2131 άπὸ
1074 2062 1263 2154 δικηγόρων
1281 2070 1355 2134 τῶν

199 2165 359 2256 ὑπάρχων
382 2168 437 2235 καὶ
461 2166 575 2253 αὐτός,
599 2169 688 2268 άνέχρ
711 2168 919 2256 πολυμαθής.
960 2175 1105 2257 ἔγραψεν
1128 2173 1248 2252 έπικιῦς
1269 2169 1353 2242 ὑπό·

125 2295 128 2303 ’
199 2303 312 2362 μνημα
336 2279 383 2354 είς
405 2274 465 2343 τὸν
485 2283 698 2363 Πτολεμαίου
721 2276 860 2361 κανόνα,
885 2284 1087 2366 συμφωνίαν
1105 2284 1166 2348 τοῦ
1185 2286 1352 2368 κοσμικοῦ

202 2384 259 2451 καὶ
286 2380 474 2469 ἁρμονικοῦ
498 2384 714 2471 διαθέματος,
743 2388 790 2464 είς
812 2382 872 2452 τὸν
894 2384 1080 2454 πολεόοντα
1102 2387 1158 2454 καὶ
1182 2387 1353 2475 διέποντα,

159 2495 247 2569 20είς
273 2487 351 2570 τοῦς
385 2492 454 2558 τῶν
483 2493 710 2579 πλανωμένων
739 2499 864 2579 οίκους,
896 2493 951 2559 καὶ
979 2492 1033 2562 διὸ
1062 2492 1185 2585 ἑκάστω
1214 2492 1306 2575 οἶκος
1335 2494 1354 2565 ὁ

206 2602 319 2685 δεῖνα,
343 2583 390 2679 είς
412 2597 491 2680 τοῦς
514 2598 569 2667 κδ’
592 2599 698 2679 πόδας
720 2597 798 2678 τοῦς
821 2597 995 2686 μετρικοὺς
1017 2601 1072 2667 καὶ
1094 2599 1173 2681 τοὺς
1195 2600 1249 2688 κη’
1273 2601 1356 2683 τοὺς

134 2708 140 2716 ’
207 2705 411 2793 ρυθμικοός,
439 2706 648 2799 μετάφρασιν
673 2711 733 2775 τοῦ
751 2702 930 2795 Ὁμηρικοῦ
953 2710 1020 2775 τῶν
1043 2712 1130 2775 νεῶν
1153 2709 1356 2796 καταλόγου,

204 2813 366 2902 διάλογον
383 2814 599 2884 Μακεδόνιον
619 2810 639 2902 ἢ
654 2816 728 2902 περὶ
748 2812 973 2901 εὐδαιμονίας,
995 2815 1075 2900 [καὶ]
1090 2821 1168 2903 βίον
1182 2814 1356 2887 Θεοδότου

198 3015 267 3086 βιβλ.
284 3008 322 3084 β’,
341 3013 406 3081 περὶ
423 3013 480 3067 τῶν
494 3008 571 3080 παρά
588 3006 666 3079 Ῥωμ.
682 3010 760 3065 nord.
775 3008 823 3063 καλ
838 3004 883 3078 rip.
899 3011 970 3082 βιβλ.
986 3005 1014 3081 β’
1031 3010 1072 3064 ita
1090 3013 1122 3066 ut
1135 3011 1200 3080 περὶ
1215 3015 1353 3082 θεωριῶν

199 3107 264 3146 eaeo
283 3091 439 3162 irrepserit,
462 3089 602 3161 sagaciter
624 3090 772 3160 proposuit
792 3090 874 3157 Reiff.
895 3107 922 3159 p.
939 3095 989 3143 461
1006 3107 1063 3158 aeq.
1142 3098 1158 3145 3
1183 3093 1217 3147 de
1236 3107 1295 3164 rep.
1315 3095 1354 3151 of.

185 3170 337 3236 'Schmidt
357 3170 419 3225 Did.
435 3190 462 3242 p.
477 3177 530 3226 400
566 3172 672 3239 κυρίων
690 3188 746 3225 non
765 3171 904 3241 quadrare
922 3167 1073 3225 videbatur
1091 3171 1192 3228 Rodio
1211 3174 1241 3227 et
1261 3173 1353 3230 Bem-

198 3253 317 3322 λανσγος
336 3252 385 3308 sed
404 3253 438 3307 oi.
458 3251 536 3307 Reiff.
556 3270 582 3319 p.
597 3256 649 3306 453
731 3257 745 3304 '1
767 3254 836 3321 poet
856 3248 1024 3321 συγγενικόν
1043 3250 1217 3325 interpunxit
1234 3254 1354 3324 Reiffer-

197 3334 288 3390 scheid
308 3334 354 3403 (of.
373 3333 430 3389 ind.
449 3353 475 3405 p.
492 3331 569 3403 563),
592 3331 641 3402 qui
660 3331 780 3388 eontulit
795 3326 929 3402 Ἆριστοφ.
951 3328 982 3388 έν
1001 3334 1038 3404 τῷ
1054 3336 1209 3407 σνγγενικῷ
1230 3336 1355 3406 (Nauck,

199 3416 245 3470 Ar.
264 3434 291 3486 p.
308 3416 384 3485 130),
404 3419 488 3471 antea
505 3409 674 3485 συγγενικὸν
690 3409 841 3482 Καισάρων
856 3413 1047 3483 coniunctum,
1067 3412 1173 3486 στέμμα
1188 3433 1264 3485 συγγ.
1280 3416 1354 3473 coni.

203 3495 332 3563 Boreion
348 3496 382 3551 ef.
399 3495 486 3565 Cohn,
502 3496 601 3550 Annal.
617 3494 718 3549 Philol.
735 3491 831 3564 Suppl.
846 3493 896 3546 XlI
910 3512 936 3563 p.
948 3499 998 3548 372
1037 3490 1190 3564 καισάρωνι
1200 3502 1231 3563 V,
1246 3496 1295 3550 ubi
1310 3495 1353 3568 ιβ’

202 3577 290 3632 latere
304 3577 376 3632 vidit
390 3578 569 3650 Bernhardy,
588 3577 725 3647 probante
740 3575 823 3644 Reiff.
878 3580 894 3626 8
913 3569 986 3627 κατὰ
1007 3591 1076 3629 corr.
1091 3574 1198 3631 Ritaolri
1216 3576 1353 3634 laudante

202 3657 424 3725 Reiffereoiieidio
473 3657 522 3712 καλ
536 3660 609 3728 ναῖς.
678 3663 693 3710 9
714 3656 856 3726 στέμματα
876 3652 947 3708 oeni.
963 3653 1064 3708 Βαάλ.

92 3803 93 3807 ¹
270 3738 403 3794 DOCCIII
417 3754 471 3793 om.
483 3739 619 3794 Weaterm.
634 3739 728 3794 Verba
742 3737 853 3794 seclusa
866 3753 921 3790 non
935 3735 971 3790 ab
982 3735 1122 3805 Hesychio
1140 3738 1267 3807 profecta
1281 3755 1354 3808 esee,

200 3819 246 3873 oui
260 3819 379 3874 fortasse
394 3835 428 3872 ne
443 3817 503 3873 ulla
515 3819 627 3886 quidem
642 3820 717 3874 vitae
732 3821 799 3889 pare
809 3815 952 3883 debeatur,
966 3815 1062 3871 monui
1075 3815 1144 3870 Mus.
1153 3817 1240 3872 Rhen.
1250 3818 1355 3874 XXXV

200 3917 227 3968 p.
242 3904 303 3953 223.
341 3897 380 3955 Cf.
403 3897 599 3954 Pseudo-Hes.
620 3916 642 3952 e.
658 3904 692 3952 66
757 3905 790 3953 10
809 3892 866 3952 άπὸ
887 3897 940 3952 δικ.
966 3895 999 3951 cf.
1016 3895 1220 3965 Wieteraheim,
1235 3896 1354 3954 Volker-

202 3979 292 4032 wand.
312 3978 351 4032 III
370 3997 397 4048 p.
414 3985 464 4034 105
522 3983 552 4033 11
574 3968 658 4042 οὗτος
678 4009 709 4019 -
730 3977 796 4032 exit.
815 3978 849 4032 de
869 3980 1018 4046 quaestore
1037 3975 1097 4046 agi,
1119 3976 1228 4031 diverso
1248 3976 1298 4032 illo
1317 3979 1355 4035 ab

200 4057 339 4115 causidico
354 4058 441 4127 praef.
456 4062 553 4129 praet,
567 4061 640 4114 hune
655 4076 720 4114 vero
735 4058 862 4113 eundem
877 4074 939 4112 eum
955 4055 1063 4123 Sidete,
1083 4058 1178 4112 monet
1192 4057 1354 4117 Gotectmid

274 4137 407 4196 Dccfflv
447 4146 478 4194 lo
497 4137 656 4196 πολεόοντα
671 4145 721 4193 AV
741 4139 974 4206 Honesterhuoius,
994 4133 1178 4192 πολιτεύοντα
1196 4139 1245 4193 rel.

204 4228 238 4276 23
257 4217 327 4290 πρὸς
347 4217 529 4276 Μακεδόνων
548 4222 726 4292 Βανκλιανιλγ,
751 4219 785 4275 de
804 4237 837 4276 eo
857 4218 1091 4290 epigrammatum
1109 4220 1195 4289 poeta
1214 4219 1353 4291 cogitans,

203 4304 281 4358 cuiue
295 4302 424 4359 meminit
436 4322 462 4358 v.
480 4297 623 4372 Ἀγαθίας,
642 4319 705 4356 enm
719 4305 796 4356 Μαι.
812 4300 977 4372 inscriptum
992 4299 1079 4354 iniere
1094 4298 1237 4371 dialogum
1252 4304 1354 4372 pateat

207 4386 362 4440 Θεοδοσίου
380 4386 491 4440 mavult
508 4384 687 4454 Bernhardy,
708 4383 767 4440 aoil.
783 4380 1025 4450 mathematicum,
1045 4379 1122 4435 cuius
1140 4382 1228 4435 vitam
1247 4380 1273 4438 S.
1293 4381 1354 4453 ipae

203 4483 286 4535 supra
305 4465 453 4574 despripoit
