3036 5114
239 292 303 357 134
700 292 914 348 HESYCHIUS.

234 456 363 534 ἐδίδαξε
382 459 558 544 κωμῳδίας
578 453 629 539 θ’,
654 461 749 534 νίκας
768 453 804 521 δὲ
824 450 890 522 εἷλε
908 455 957 541 β’·
977 447 1089 539 [οὗτος
1107 457 1248 542 άρχαίας
1266 483 1383 547 κωμῳ-

170 548 177 559 ’
238 566 312 641 δίας
329 559 477 648 ποιητής,
497 557 551 641 ‘33
569 569 704 630 πλείστα
723 566 834 649 χορῶν
854 567 922 630 τῶν
942 561 1132 632 ἀντιπάλων
1151 569 1245 650 νίκης
1266 568 1383 650 ἔστησε

237 667 394 755 τρόπαια,
422 668 529 749 πάσας
554 670 592 736 δ’
617 666 698 756 ὑμῖν
722 667 839 756 φωνάς
862 670 923 750 ίείς
945 672 1000 738 καὶ
1024 670 1161 751 ψάλλων
1186 673 1241 739 καὶ
1264 696 1382 759 πτερυ-

238 780 337 863 γίζων
366 777 421 843 καὶ
447 780 590 857 λυδίζων
615 777 668 843 καὶ
692 782 841 864 ψηνίζων
865 777 919 844 καὶ
943 778 1151 865 βαπτόμενος
1174 784 1384 866 βατραχείοις

211 883 301 952 ϋούκ
324 882 513 972 ἐξήρκεσεν,
537 882 622 951 άλλίι
645 888 809 952 τελευτῶν
833 886 885 952 ἐπὶ
908 886 1032 972 γήρως,
1056 884 1183 973 οὐγὰρ
1208 882 1260 973 ἐφ’
1286 884 1384 973 ήβης,

238 990 400 1077 ἐξεβλήθη
421 990 606 1078 πρεσβύτης
625 990 685 1076 α’ίν,
705 989 756 1058 ὅτι
775 997 836 1060 τοῦ
856 991 1018 1061 σκώπτειν
1037 991 1251 1080 άπελείφθη’.
1283 995 1384 1073 ψάλ-

238 1106 315 1165 λων
345 1097 381 1165 δὲ
404 1096 483 1177 τοὺς
506 1097 738 1185 Βαρβιτιστάς·
768 1102 878 1185 δρᾶμα
902 1101 942 1167 δέ
963 1101 1030 1167 ἐστι
1054 1103 1114 1167 τοῦ
1138 1102 1333 1186 Μάγνητος,
1362 1099 1383 1186 ή
1436 1087 1441 1094 ’

240 1204 277 1273 δὲ
300 1203 458 1292 βάρβιτος
486 1204 576 1286 εἶδος
603 1205 753 1295 ὀργάνου
780 1211 953 1293 μουσικοῦ.
999 1214 1247 1295 πτερυγίζων
1272 1208 1308 1277 δὲ
1332 1207 1385 1276 ὅτι

238 1313 294 1379 καὶ
304 1311 467 1396 ’Όρνιθας
485 1315 618 1400 ἐποίησε
638 1317 770 1400 δρᾶμα]
808 1320 929 1400 ἔγραψε
949 1314 986 1382 δὲ
1005 1315 1059 1382 καὶ
1079 1314 1215 1395 Λυδοὺς
1233 1315 1288 1383 καὶ
1312 1320 1381 1401 Ψή-

200 1442 226 1480 1⁰
241 1448 301 1499 νας
323 1421 378 1486 καὶ
398 1418 599 1506 Βατράχονς.
638 1426 720 1504 [ἔστι
744 1420 780 1488 δὲ
805 1420 976 1508 χρώματος
999 1418 1088 1501 εἶδος
1111 1421 1147 1490 τὸ
1172 1421 1384 1512 βατράχειον·

240 1525 304 1595 άπὸ
329 1527 450 1595 τούτου
473 1528 528 1594 καὶ
552 1528 708 1614 βατραχλς
733 1527 874 1615 ίμάτιον.
906 1531 1057 1616 ἐχρίοντο
1078 1531 1115 1598 δὲ
1133 1535 1179 1624 τῷ
1199 1536 1385 1621 βατραχείῳ

239 1636 279 1704 τά
302 1636 477 1720 πρόσωπα,
500 1635 581 1722 πρὶν
600 1637 824 1722 ἐπινοηθῆναι
847 1634 887 1702 τά
911 1644 1123 1723 προσωπεῖα]

331 1752 587 1819 ΟΟΟΟΧΟἮΙΙ.
619 1758 760 1836 Μαΐωρ
782 1749 934 1840 Ἀράβιος
957 1753 1126 1840 σοφιστής.
1165 1760 1287 1842 ἔγραψε
1311 1757 1387 1842 περὶ

240 1860 390 1929 στάσεων
417 1864 530 1945 βιβλία
558 1859 614 1946 ιγ’.
660 1859 877 1950 συνεχρόνισε
910 1859 947 1928 δὲ·
979 1858 1095 1951 Ἀψίνη
1126 1863 1181 1929 καὶ
1211 1860 1387 1952 Νικαγόρᾳ

202 1991 226 2029 1⁵
241 1969 293 2036 ἐπὶ
319 1973 488 2037 Φιλίππου
510 1970 571 2035 τοῦ
595 1972 766 2053 Καίσαρος
789 1968 844 2034 καλ
868 1966 990 2036 ἐπάνω.
1409 1979 1480 2020 m

331 2075 554 2144 OCCOXCIX.
603 2073 787 2160 Μάλχος
818 2073 997 2155 Βυζάντιος
1021 2075 1190 2162 σοφιστής.
1242 2083 1387 2162 ἔγραψεν

243 2188 393 2271 ἱστορίαν
426 2180 491 2249 άπὸ
526 2186 585 2268 τῆς
616 2187 785 2266 βασιλείας
818 2187 1081 2250 Κωνσταυτίαου
1113 2181 1168 2248 καὶ
1204 2184 1265 2262 ἕως
1295 2181 1388 2251 'Ava-
1415 2214 1478 2255 ωας

242 2297 396 2369 στασίου,
431 2291 466 2356 ἐν
496 2280 517 2376 ή
549 2285 589 2356 τὰ
622 2286 703 2355 κατά
739 2285 882 2373 Ζήνωνα
915 2289 969 2355 καὶ
1003 2295 1206 2356 Βασιλίσκον
1239 2291 1294 2356 καί
1326 2289 1388 2358 τὸν

243 2397 436 2485 ἐμπρησμὸν
468 2386 527 2481 τῆς
556 2399 716 2481 δημοσίας
750 2394 969 2482 βιβλιοθήκης
1002 2398 1056 2463 καὶ
1089 2401 1157 2464 τῶν
1188 2396 1388 2484 ἀγαλμάτων

203 2526 229 2564 ²⁰
244 2510 304 2574 τοῦ
334 2503 569 2590 Αὐγουσταίου
602 2502 657 2570 καὶ
686 2500 769 2569 άλλα
797 2499 872 2569 τινὰ
901 2503 1116 2590 διεξέρχεται,
1144 2502 1231 2590 μάλα
1260 2509 1389 2590 σεμνάς

243 2615 297 2682 καὶ
321 2616 508 2704 τραγῳδίας
527 2615 625 2696 δίκην
649 2607 856 2696 άποθρηνων
880 2607 973 2677 αὐτά.

276 2710 279 2716 ⁵
332 2733 370 2799 D.
410 2727 650 2816 Μάναιχμος
670 2723 982 2813 Ἀλωπεκοννήσιος,
1005 2724 1087 2794 κατὰ
1110 2728 1150 2794 δέ
1169 2754 1262 2806 τινας
1285 2735 1388 2814 Προι-

316 2934 328 2981 1
350 2924 470 2996 α’ρχαιάς
485 2925 633 2996 κωμῳδίας
647 2917 763 2991 ποιητής
779 2924 843 2975 ουλε
860 2917 929 2976 ἑδιδ.
945 2921 1029 2991 Eme,
1047 2924 1120 2991 quod
1136 2923 1164 2977 in
1180 2924 1281 2978 Snidae
1296 2942 1388 2978 exem-

244 3008 368 3077 plaribus
386 3021 533 3075 perperam
547 3004 620 3057 infra
638 3003 740 3072 legitur
794 2994 876 3064 οὗτος
894 3033 929 3043 -
948 3003 1042 3073 δρᾶμα
1061 3021 1114 3060 om.
1131 3005 1220 3071 Eue,
1239 3005 1389 3059 inseruisse.

245 3087 359 3142 Suidam
374 3104 407 3139 ex
422 3084 507 3138 schol.
519 3082 566 3137 Ar.
578 3083 645 3152 Equ.
658 3088 708 3137 518
724 3082 781 3136 dixi
788 3083 857 3137 Mus.
869 3083 956 3137 Rhen.
968 3083 985 3135 l.
998 3100 1019 3137 c.
1076 3090 1091 3136 9
1107 3082 1147 3137 Cs.
1160 3083 1258 3138 Suidae
1270 3103 1290 3140 s.
1302 3086 1393 3138 Λυδοί

245 3172 274 3223 ολ
292 3167 463 3235 πτερυγίζων
537 3171 569 3217 10
588 3159 792 3234 βατράχειονΔ
812 3159 964 3231 βατράχιον
981 3165 1053 3232 δαίμ.
1073 3166 1137 3233 poet
1151 3161 1308 3234 βατράχους
1327 3181 1390 3234 per-

244 3249 288 3319 git
297 3249 372 3303 Eud.
393 3248 521 3307 ποικίλας
535 3239 563 3299 δ’
577 3241 701 3313 ἐμιμεῖτο
716 3238 814 3311 φωνάς
828 3236 910 3305 οὗτος
923 3243 1008 3311 (quod
1022 3262 1076 3299 om.
1092 3244 1217 3311 Suidae);
1234 3244 1268 3298 cf.
1278 3245 1388 3298 Untere.

246 3348 272 3400 p.
287 3335 329 3385 43.
359 3324 462 3397 ὁμοίως
480 3325 528 3379 καλ
548 3326 794 3394 γαλεομοομαχίαν
813 3327 895 3391 (quae
918 3342 1012 3378 rursus
1030 3341 1083 3378 om.
1104 3326 1224 3393 ιδ’ἰιίιίαε).
1264 3324 1299 3377 Et
1319 3325 1390 3378 haue

247 3408 421 3463 comoediam
445 3424 462 3462 α
480 3404 620 3474 Magnetis
644 3404 756 3474 ingenio
781 3403 900 3457 alienam
924 3423 984 3459 esee
1009 3405 1104 3459 docuit
1122 3405 1249 3459 Meineke
1270 3406 1281 3458 Ι
1300 3424 1327 3473 μ.
1347 3411 1391 3473 35,

247 3490 283 3543 ad
301 3486 440 3543 Theodori
458 3484 603 3540 Prodromi
621 3484 724 3551 (medio
744 3500 815 3537 saec.
835 3483 884 3535 Xll
904 3485 1035 3553 viventis)
1054 3490 1160 3540 temere
1177 3485 1287 3539 rettulit
1301 3484 1391 3552 Daub,

247 3571 281 3623 de
297 3566 369 3621 Viol.
389 3586 414 3635 p,
431 3574 446 3620 8
521 3562 628 3618 ἔστιδὲ
649 3595 683 3603 -
702 3565 766 3618 exit.
792 3563 932 3632 Hesychio
956 3565 1023 3619 dare
1043 3564 1182 3631 dubitavi3
1206 3566 1296 3619 eidem
1316 3570 1391 3619 certe

247 3646 332 3702 schol.
352 3647 398 3699 Ar.
418 3646 553 3699 debentur

320 3734 521 3789 ccccxcvlll
540 3736 615 3790 Eud.
632 3740 728 3804 11495.
752 3733 791 3789 Cf.
809 3754 833 3790 v.
847 3729 957 3802 ’Λατίνης
973 3730 1127 3802 Γαδαρεύς.
1149 3735 1189 3788 De
1205 3751 1238 3789 eo
1252 3754 1276 3790 v.
1288 3733 1389 3789 Meller

251 3816 287 3869 ΙΙΙ
307 3834 333 3884 p.
353 3821 416 3882 662;
437 3814 532 3881 Daub,
553 3813 630 3867 stud.
650 3832 676 3882 p.
697 3819 730 3867 65
823 3821 854 3867 13
873 3808 1011 3886 Ἀρράβιος
1029 3819 1077 3866 BV
1171 3821 1202 3868 14
1227 3810 1349 3877 στάσεως
1367 3820 1390 3866 V

251 3913 368 3964 sequens
387 3893 418 3948 δὲ
439 3912 492 3949 om.
512 3895 589 3949 Ειιιλ.

319 3975 494 4030 ccccxclx
514 3974 587 4029 Eud.
608 3994 634 4044 p.
650 3981 711 4029 496.
744 3976 879 4030 'l'raetant
897 3975 999 4029 Meller
1018 3975 1056 4029 lv
1071 3995 1097 4045 p.
1116 3982 1178 4041 111;
1199 3975 1292 4044 Daub,
1312 3976 1391 4030 stud.

249 4078 275 4129 p.
295 4064 327 4112 66
402 4063 434 4109 16
456 4052 631 4121 Βυζαντιακά
650 4057 679 4109 in
698 4059 806 4126 septem
825 4057 903 4110 libris
923 4057 1021 4111 laudat
1039 4057 1118 4111 Phot.
1138 4057 1198 4110 eod.
1215 4063 1257 4123 78,
1276 4057 1310 4109 de
1330 4057 1391 4125 qui-

250 4139 302 4192 bue
321 4155 346 4193 v.
364 4137 443 4190 Deub
457 4137 474 4189 l.
491 4154 514 4189 c.
589 4144 619 4191 17
640 4136 687 4190 καλ
708 4154 761 4191 om.
782 4136 870 4203 Ειαί.;
890 4138 924 4191 de
943 4155 976 4191 οο
997 4136 1030 4190 cf.
1050 4136 1144 4204 Βοιὼ,
1164 4135 1242 4194 stud.
1262 4156 1287 4206 p.
1304 4144 1337 4191 25

253 4226 284 4273 18
310 4213 341 4272 ἕν
364 4208 380 4288 ᾗ
403 4248 434 4255 -
454 4216 519 4270 exit.
543 4216 655 4271 lectoris
679 4217 795 4270 alieuius
819 4233 902 4271 manu
926 4217 1022 4271 addita
1046 4217 1174 4271 videntur
1253 4223 1284 4270 19
1308 4220 1392 4287 δημο-
1445 4234 1448 4239 ’

252 4303 439 4433 ωαςδηδίιάί.
464 4397 490 4448 p.
511 4383 561 4431 494
640 4385 673 4430 ‘22’
697 4373 866 4447 Μάναιχμος
884 4382 958 4429 ΔΒΕ
978 4382 1035 4429 Am.
1057 4377 1131 4431 Eud.
1158 4373 1312 4445 Μάνεχμος
1335 4379 1394 4445 rel„

252 4458 415 4528 Μέναιχμος
438 4476 506 4513 corr.
533 4457 651 4525 Μᾶλλον,
675 4457 777 4527 Soript.
795 4459 872 4513 Alex.
892 4477 918 4527 p.
940 4464 989 4511 145
1084 4452 1156 4510 κατά
1179 4453 1211 4511 δὲ
1236 4487 1269 4497 -
1294 4461 1393 4526 Προικ.
