3036 5114
232 349 277 415 42
698 350 911 410 HESYOHIUS.

322 514 463 583 CLXVI.
505 512 730 603 Γρηγόριος
752 518 941 597 Ναζιανζοῦ
960 517 1135 596 ἐπίσκοπος
1160 514 1324 602 (σταθμὸς
1343 517 1384 584 δέ

234 623 323 690 ἐστιν
344 612 442 700 οὗτος
461 605 725 708 Καππαδοκίας),
746 619 831 709 ἀνὴρ
851 621 1121 708 ἐλλογιμώτατος,
1142 621 1324 710 άναγκαίος
1343 622 1381 692 δέ

233 733 330 815 φίλος
344 734 523 798 Βασιλείαν
528 782 537 816 ,
555 732 616 797 τοῦ
631 732 689 815 τῆς
703 735 906 816 Καισαρείας
921 729 1102 799 ἐπισκόπου
1114 735 1174 819 τῆς
1192 733 1229 800 έν
1244 737 1381 799 Καππα·
1409 728 1447 752 '⁰
1467 752 1471 758 “

234 840 339 927 δοκίμ.
387 828 549 916 οὗτοςού
573 835 681 923 μόνον
703 835 928 925 γραμματικὸς
950 838 1005 906 καλ
1032 837 1073 906 τά
1103 841 1135 919 ές
1157 837 1220 925 τὴν
1243 843 1380 924 ποίησιν

206 943 355 1029 ιδεξιός,
382 941 467 1012 άλλδι
491 948 602 1035 πολλῷ
625 951 742 1012 πλείου
763 943 819 1012 καὶ
843 949 889 1025 είς
912 952 1119 1031 φιλοσοφίαν
1142 945 1300 1033 ἐξήσκητο
1324 946 1380 1013 καὶ

232 1050 341 1139 ῥήτωρ
365 1043 408 1138 ἦν
430 1050 634 1139 άμφιδέξιος.
671 1042 769 1130 οὗτος
792 1057 914 1138 ἔγραψε
933 1051 1166 1140 καταλογάδην
1190 1051 1296 1121 πολλά
1316 1052 1379 1144 (είς

231 1156 294 1248 γάρ
313 1173 400 1244 τρεῖς
419 1158 585 1246 μυριάδας
603 1164 724 1245 στίχων
743 1156 783 1228 τὰ
800 1159 1014 1248 συντάγματα
1033 1159 1139 1230 αὐτοῦ
1162 1159 1380 1250 συνέθηκεν),

231 1264 292 1354 ἀφ’
322 1259 370 1335 όν
399 1272 463 1336 είσι
490 1266 581 1336 τάδε·
617 1267 692 1355 περὶ
719 1270 956 1355 τῆς.τελευτης
982 1272 1043 1337 τοῦ
1073 1266 1224 1354 άδελφοῦ
1252 1274 1379 1336 Καισα-

231 1378 339 1461 ρείου,
363 1374 534 1462 ἐπιτάφιος
558 1378 605 1455 είς
626 1373 686 1444 τὸν
711 1375 830 1443 ἑαυτοῦ
852 1376 991 1461 πατέρα,
1016 1377 1127 1463 ἕτερος
1140 1380 1188 1455 είς
1202 1374 1264 1463 τὴν
1282 1372 1405 1444 άδελ·Ι

192 1506 218 1545 ιο
231 1479 301 1568 φὴν
332 1488 539 1569 Γοργονιάν,
573 1481 648 1567 περὶ
678 1487 916 1569 φιλοπτωχίας,
947 1484 1105 1562 ἐπαίνους
1138 1486 1206 1552 τῶν
1239 1490 1376 1552 Μακκα-

230 1594 352 1675 βαίων,
377 1592 533 1670 ἐπαίνους
556 1592 771 1675 Κυπριανοῦ,
796 1591 953 1668 ἐπαίνους
972 1585 1195 1676 Ἀδανασίου,
1220 1591 1378 1671 ἐπαίνους

222 1692 375 1782 Ἥρωνος
397 1678 604 1784 φιλόσόφου,
627 1694 710 1764 κατά
729 1692 919 1766 Ἰουλιανοῦ
942 1700 1004 1766 τοῦ
1026 1698 1188 1784 βασιλέως
1211 1697 1307 1785 λόγοι
1330 1698 1378 1784 β’,

229 1803 312 1873 κατὰ
332 1802 505 1892 Εὐνομίαν
528 1803 623 1890 λόγοι
646 1802 693 1890 β’,
716 1804 790 1889 περὶ
810 1809 988 1891 θεολογίας
1011 1804 1057 1890 α’,
1080 1805 1155 1893 περὶ
1179 1807 1257 1873 νίοῦ
1281 1804 1377 1892 λόγοι

230 1910 278 1997 β’,
296 1912 369 1997 περὶ
389 1915 450 1980 τοῦ
469 1909 568 1998 ἁγίου
588 1910 776 1998 πνεύματος
794 1911 893 1998 λόγος
912 1911 958 1996 α’,
981 1911 1203 2000 πανηγυρικολ
1226 1911 1321 1998 λόγοι
1340 1911 1379 1997 ι’,
1496 1996 1499 2002 ¹

191 2019 283 2086 ιικαλ
312 2020 417 2108 ἕτεροι
444 2026 591 2086 πλεῖστοι
610 2017 665 2086 καὶ
695 2021 775 2084 πᾶσι
798 2016 971 2104 γνώριμοι.
1017 2014 1231 2105 ἠκολούθησε
1261 2017 1298 2086 δὲ
1329 2023 1376 2110 τῷ

229 2127 431 2212 Πολέμωνος
452 2128 632 2213 χαρακτῆρι
654 2127 716 2193 τοῦ
740 2124 930 2204 Λαοδικέας
952 2128 1013 2192 τοῦ
1033 2123 1317 2210 σοφιστεύσαντος
1337 2127 1374 2192 ἐν

230 2232 389 2322 Σμύρνη,
426 2229 463 2312 ὃς
494 2230 641 2318 ἐγεγόνει
667 2229 867 2310 διδάσκαλος
891 2228 1097 2319 Ἀριστείδου
1132 2234 1194 2300 τοῦ
1225 2230 1377 2318 ῥήτορος.

230 2339 358 2428 ἐγράφη
382 2339 420 2407 δέ
443 2335 532 2429 αὐτῷ
556 2337 610 2405 καὶ
635 2338 728 2425 ἑτέρα
752 2342 867 2423 βίβλος
890 2333 936 2405 δι’
963 2338 1164 2426 ἑξαμέτρων,
1191 2343 1378 2426 παρθενίας

229 2447 284 2516 καί
307 2445 418 2534 γάμου
440 2443 519 2513 καθ’
546 2442 685 2523 ἑαυτοὺς
709 2445 972 2531 διαλεγομένων,
998 2445 1054 2513 καί
1082 2448 1130 2524 είς
1157 2446 1269 2532 ἑτέρας
1296 2441 1378 2513 ὑπο-

190 2579 217 2618 ιο
229 2557 342 2636 θέσεις
366 2558 402 2623 ἐν
425 2558 597 2632 παντοίοις
615 2552 669 2619 καὶ
689 2549 868 2639 διαφόροις
886 2553 1031 2639 μέτροις,
1055 2548 1153 2620 άτινα
1173 2550 1376 2638 συνάγονται

230 2666 278 2743 είς
300 2664 388 2731 ἐπῶν
411 2659 577 2749 μυριάδας
599 2673 695 2747 τρεῖς.

319 2778 477 2845 CLXVII.
515 2774 753 2863 [Γρηγόριος
772 2772 912 2861 Νόσσης
934 2775 1126 2860 ἐπίσκοπος,
1150 2771 1296 2861 ἀδελφός
1314 2782 1379 2843 Βα-

230 2890 357 2953 σιλείου
383 2887 444 2952 τοῦ
469 2882 681 2968 Καισαρέως,
709 2879 795 2968 άνίρ
823 2881 879 2949 καί
907 2877 1007 2960 αὐτὸς
1035 2882 1295 2968 ἐλλογιμώτατος
1321 2882 1377 2950 καί

228 2991 335 3079 πάσης
357 2988 516 3077 ὑπάρχων
535 2992 686 3068 παιδείας
712 2986 900 3073 άνάπλεως,
924 2994 1163 3075 προσκείμενος
1185 2987 1221 3058 δέ
1246 2992 1375 3075 μᾶλλον

190 3112 299 3177 τετοίς
330 3101 369 3186 τῇ
403 3100 560 3184 ῥητορικῇ
591 3101 758 3183 χαίρουσι·
790 3095 846 3163 καλ
878 3098 964 3180 γοῦν
996 3092 1173 3181 εὐδόκιμος
1205 3097 1242 3164 ἐν
1274 3093 1377 3182 ταότη

230 3206 402 3292 γεγένηται
424 3205 479 3271 καὶ
503 3201 667 3289 λαμπρός,
696 3211 728 3270 εί
746 3228 796 3280 τις
819 3199 918 3281 ἄλλος
940 3205 1007 3270 τῶν
1031 3202 1132 3270 πάλαι
1160 3201 1261 3292 ταότη
1286 3227 1377 3289 γεγε-

230 3313 396 3398 νημένων.
448 3302 546 3390 οὗτος
577 3309 733 3390 συνέταξε
763 3306 833 3376 κατ’
869 3306 1042 3397 Εὐνομίον
1075 3308 1177 3396 λόγον
1210 3310 1378 3395 ἐξαίρετον

228 3419 285 3486 καὶ
314 3422 430 3505 τεῦχος
459 3415 652 3505 θαυμάσιον
683 3419 730 3494 είς
759 3415 821 3502 τὴν
851 3419 912 3485 τοῦ
943 3413 1129 3503 άνδρεόπου
1160 3413 1377 3502 κατασκευήν,

132 3509 136 3518 ¹
230 3523 332 3605 ἄλλας
353 3551 388 3593 τε
410 3522 538 3604 πυκνὰς
561 3524 616 3592 καλ
640 3536 788 3609 συνεχεῖς
807 3519 952 3609 ὁμιλίας,
976 3531 1023 3602 είς
1045 3547 1080 3590 τε
1101 3520 1142 3589 τά
1160 3517 1290 3611 ᾅσματα
1308 3524 1377 3588 των

304 3792 412 3846 CLXVI
435 3791 815 3863 Ηίετοιιμιιιιιε-Ηομλιοκίαε
835 3806 858 3843 ο.
880 3795 943 3858 117,
967 3806 1049 3858 quem
1070 3787 1226 3858 Hesychius
1250 3804 1267 3842 ο
1285 3785 1378 3842 verbis

231 3872 273 3936 τίς
295 3869 349 3942 γάρ
372 3878 446 3941 τρεῖς
470 3893 531 3943 μορ.
556 3871 591 3925 ad
615 3871 679 3926 exit.
701 3869 865 3939 compilavit
944 3876 959 3924 9
985 3863 1135 3936 ίπιτάφιος
1160 3898 1193 3908 -
1222 3867 1377 3935 Γοργονίαν

232 3970 285 4009 om.
309 3952 390 4021 Soph.
473 3960 504 4006 11
530 3947 623 4007 ἐταιν.
647 3951 781 4023 Μαξίμου
805 3944 978 4019 φιλοσόφου,
1001 3944 1071 4020 μετά
1096 3944 1147 4017 τὴν
1171 3943 1284 4014 έξορίαν
1306 3941 1376 4000 άνα-

232 4028 393 4100 ζεύξαντος,
417 4026 451 4087 ὅν
470 4052 533 4086 τινα
552 4032 667 4100 ψευδῶς
685 4050 759 4093 τινες
774 4024 899 4098 Ἥρωνος
918 4026 1084 4099 ἐπέγραψαν
1103 4029 1185 4098 Soph.
1261 4033 1293 4082 13
1312 4027 1377 4095 περὶ

230 4113 381 4179 θεολογίας
404 4144 438 4153 -
463 4111 527 4180 τιερλ
551 4109 615 4167 οἷοι]
643 4143 671 4151 -
694 4110 881 4180 πανηγυρικολ
904 4107 982 4180 λόγοι
1005 4129 1059 4166 om.
1083 4111 1165 4179 Soph.
1258 4115 1290 4162 19
1310 4103 1376 4163 κατ’

233 4187 342 4248 έαντῶν
365 4192 447 4262 Sopd.
524 4199 558 4246 20
583 4191 692 4246 addidit
714 4191 848 4246 nonnulla
871 4190 971 4246 Suidas
994 4209 1028 4246 ex
1051 4189 1232 4260 Philostorgii
1258 4188 1378 4244 historia

233 4273 423 4329 ecclesiastica

241 4381 245 4388 ·
304 4351 428 4408 CLXVII
453 4352 793 4422 Hieronymm-Sophron.
819 4358 927 4421 c.128,
951 4352 998 4421 qui
1023 4367 1113 4420 pauca
1134 4347 1274 4419 Hesychio
1299 4348 1378 4404 dedit

233 4432 279 4503 (ci.
300 4424 382 4495 οὗτος
400 4432 534 4499 συνέταξε
554 4449 611 4501 seq.
626 4463 659 4472 -
674 4433 704 4486 et
721 4426 791 4486 ἄλλα
809 4451 838 4486 τε
858 4429 946 4486 πολλὰ
963 4427 1139 4501 γεγραφήκει
1153 4432 1221 4500 τερ.)
1269 4435 1303 4484 27
1318 4446 1377 4500 seq.

233 4514 274 4570 Cf.
293 4514 352 4571 vita
369 4512 469 4570 Basilii
