3036 5114
176 277 242 343 232
641 284 855 343 HESYCHIUS.

143 509 150 522 ‚
173 446 263 528 βίου,
287 443 362 527 περὶ
381 439 602 530 Ἀλεξάνδρου
624 444 776 531 καὶπερὶ
799 452 858 515 τοῦ
882 452 971 518 ίδιον
993 449 1155 539 λογισμὸν
1174 456 1266 539 ἔχειν
1287 453 1330 521 τὰ

175 545 294 634 άλογα,
318 549 392 637 περὶ
415 552 476 616 τοῦ
500 553 563 630 πᾶς
585 547 705 638 άφρων
726 553 846 634 δοῦλός
871 557 950 640 έστι,
973 557 1048 642 περὶ
1071 562 1129 644 τῆς
1153 563 1330 648 διαγωγῆς

173 657 240 722 τῶν
269 661 487 743 χριστιανῶν,
517 658 592 744 περὶ
619 663 697 744 βίου
726 667 950 748 θεωρητικοῦ,
980 665 1055 750 περὶ
1085 668 1216 753 ἱκετῶν,
1245 668 1327 756 περὶ

173 767 334 848 γεωργίας
357 762 452 849 λόγοι
475 763 522 849 β’,
550 765 624 849 περὶ
648 766 754 852 μέθης
776 766 822 853 β’,
849 769 923 854 περὶ
947 773 1007 837 τοῦ
1034 772 1205 852 Μωυσέως
1228 778 1324 858 βιόυ,

148 873 223 949 τείς
250 868 290 938 τὰ
322 877 497 959 χερουβίμ,
525 873 672 940 τουτέστι
695 871 758 958 τὴν
781 880 948 961 φλογίνην
973 878 1160 964 ῥομφαίαν,
1188 883 1235 959 είς
1258 879 1325 968 τὴν

174 977 398 1066 πεντάτευχον
422 982 596 1058 Μωυσέως
623 980 677 1046 καὶ
701 983 748 1058 είς
772 977 876 1048 αὐτὸν
899 980 960 1050 τὸν
984 989 1139 1073 Μωυσῆν
1162 985 1258 1073 λόγοι
1284 988 1325 1058 ε’.

267 1095 447 1163 DCCCLII.
487 1102 618 1163 Φίλων
642 1094 851 1181 Καρπάθιος.
899 1102 1042 1186 ἔγραψεν
1072 1098 1251 1190 ὑπόμνημα
1275 1109 1326 1184 εἰς

176 1199 214 1267 τὸ
238 1192 326 1291 ᾆσμα
349 1206 417 1270 τῶν
441 1200 606 1291 ᾀσμάτων.

264 1317 460 1385 DCCCLIII.
512 1321 738 1403 Φιλωνίδης
769 1316 963 1407 Ἀθηναῖος,
995 1321 1324 1423 κωμικδςῇάρχαῑος,

136 1458 160 1496 ιο
174 1423 339 1512 πρότερον
360 1423 396 1493 δὲ
415 1416 457 1511 ’ἦν
476 1422 633 1520 γναφεύς.
660 1428 727 1492 τῶν
748 1427 926 1513 δραμάτων
944 1425 1048 1496 αὐτοῦ
1068 1421 1111 1517 ἦν
1130 1419 1324 1520 Κόθορῦοί,

169 1530 309 1618 Ἀπήνη,
336 1535 539 1620 Φιλέταιρος.

262 1647 459 1713 DCCOLIV.
487 1648 648 1732 Φλέγων
667 1649 881 1735 Τραλλιανός,
898 1648 1123 1738 ἀπελεύθερος
1136 1658 1195 1722 τοῦ
1210 1660 1321 1740 Σεβα-
1348 1687 1403 1727 ιιι

173 1756 254 1820 στοῦ
279 1758 451 1841 Καίσαρος
474 1754 524 1843 (oi
545 1753 581 1821 δέ
599 1750 777 1842 Ἀδριανοῦ
801 1760 931 1845 φασιν),
955 1760 1129 1847 ἱστορικός.
1173 1765 1323 1849 ἔγραψεν

173 1857 394 1948 Ὀλυμπιάδας
424 1863 461 1929 έν
489 1866 631 1948 βιβλίοις
660 1861 704 1943 ις’
730 1864 813 1951 (ἔστι
841 1862 878 1930 δὲ
906 1866 1000 1952 μέχρι
1028 1870 1086 1952 τῆς
1112 1866 1191 1934 σκθ’
1216 1866 1322 1955 όλυμ·

132 2000 158 2041 ιε
173 1967 294 2048 πιάδος
317 1968 355 2037 τά
379 1972 571 2057 πραχθέντα
594 1973 790 2058 πανταχοῦ),
814 1969 854 2037 τά
879 1969 915 2038 δὲ
939 1969 1022 2039 αὐτὰ
1046 1975 1083 2041 ἐν
1106 1979 1248 2059 βιβλίοις
1272 1975 1322 2061 η’,

37 2116 73 2161 ρ,
172 2080 334 2169 ἔκφρασιν
353 2083 518 2162 Σικελίας,
542 2077 617 2164 περὶ
636 2081 828 2164 μακροβίων
848 2077 903 2144 καὶ
922 2084 1135 2166 θαυμασίων,
1154 2080 1229 2163 περί
1248 2084 1320 2150 των

171 2181 260 2272 παρά
279 2181 453 2270 Ῥωμαίοις
477 2187 602 2270 έορτῦν
626 2189 738 2270 βιβλία
762 2183 807 2270 γ’,
836 2185 910 2272 περὶ
933 2189 1002 2253 τῶν
1021 2189 1058 2255 έν
1078 2185 1184 2277 Ῥάμῃ
1204 2187 1321 2257 τόπων

170 2290 225 2358 καὶ
254 2283 303 2358 ὧν
332 2293 559 2376 ἐπικέκληνται
588 2287 780 2376 ὀνομάτων,
811 2290 970 2380 ἐπιτομὴν
994 2291 1256 2381 Ὀλυμπιονικῶν
1281 2298 1321 2364 έν

171 2402 315 2482 βιβλίοις
336 2396 370 2482 β’
394 2397 451 2464 καί
473 2395 567 2464 άλλα.

132 2538 159 2577 ω
262 2512 441 2581 DCOOLV.
472 2518 706 2601 Φοινικίδης
729 2512 882 2600 κωμικός.
918 2519 987 2583 τιῦν
1009 2517 1187 2604 δραμάτων
1208 2516 1316 2588 αῦτοῦ

172 2622 240 2689 ἐστι
267 2620 456 2709 Φύλαρχος,
484 2624 700 2709 Μισουμένη,
728 2619 773 2702 ὡς
792 2618 972 2709 Ἀθήναιός
1000 2644 1103 2711 φησιν
1132 2626 1168 2693 έν
1198 2630 1243 2717 τῷ
1266 2632 1318 2712 βι-

171 2734 255 2819 βλίῳ
279 2732 346 2796 τῶν
371 2732 681 2816 Δειπνοσοφιστῶν.
732 2714 737 2721 ’
821 2716 826 2721 ’
861 2716 876 2721 '⁴
1033 2717 1035 2721 ¹

246 3004 259 3051 l
280 2990 371 3052 ὅτι-
388 2996 446 3068 ἔχει
460 2999 542 3065 ιδὀμίι.
597 3003 613 3048 3
628 2991 773 3065 ἡμετέρων
787 3014 837 3065 pro
852 3016 936 3066 χριστ.
952 2997 1044 3067 Sepla„
1060 2998 1108 3067 qui
1123 2999 1187 3053 add.
1203 3000 1267 3070 περὶ
1282 2992 1317 3056 οῦ

173 3077 335 3148 ἔμπροσθεν
350 3080 466 3147 εἴπομεν
486 3080 514 3131 et
532 3071 615 3129 τοῦτό
636 3071 694 3130 ἐστι
712 3077 777 3147 περὶ
793 3073 956 3133 ἀποστόλων
970 3076 1052 3147 λόγος
1066 3078 1107 3141 είς
1161 3087 1177 3133 3
1196 3080 1318 3137 alierum

171 3159 236 3227 περὶ
251 3176 304 3212 om.
315 3157 398 3225 Βομίι,
445 3165 461 3210 6
476 3157 517 3210 De
533 3155 635 3211 Suidae
651 3155 849 3213 additamentis
864 3157 922 3213 dixi
932 3158 1001 3213 Mus.
1014 3158 1101 3215 Rhen.
1114 3159 1216 3214 XXXV
1226 3180 1253 3230 p.
1265 3167 1318 3216 192

243 3237 385 3293 DCCCLll
406 3255 458 3292 om.
476 3237 612 3292 Μαίσων.
648 3236 689 3290 De
709 3237 815 3307 origine
833 3238 1011 3309 Hesychiena
1029 3240 1070 3293 nil
1088 3243 1199 3295 consini

245 3320 400 3377 DCCCLIII
419 3318 493 3375 Ειιτί.
513 3337 540 3389 p.
556 3323 615 3373 725.
645 3318 760 3373 Tractat
778 3317 906 3374 Meineke
926 3322 938 3373 l
956 3338 983 3389 p.
1000 3325 1050 3372 102
1065 3338 1121 3388 seq.
1179 3326 1211 3375 10
1231 3314 1264 3383 ὃς
1281 3312 1319 3390 ἦν

173 3403 248 3459 Eud.
304 3400 335 3456 el
356 3402 418 3456 add.
433 3406 456 3452 A
511 3394 638 3469 γναφεύς
651 3405 674 3451 A
687 3400 760 3469 οιιλγ.
774 3400 869 3455 Eud.t
889 3400 934 3468 (de
954 3416 1008 3468 qno
1023 3400 1152 3468 equidem
1171 3401 1252 3455 valde
1266 3401 1315 3455 du·

173 3485 243 3553 bilo)
262 3480 423 3554 γραφεῦςθ
439 3482 513 3537 Eud.
533 3498 598 3535 mox
616 3476 785 3551 γραμμάτων
804 3485 826 3531 V

244 3563 397 3620 Deccnlv
417 3564 492 3618 Ειαί.
512 3581 539 3632 p.
555 3567 614 3617 714.
653 3560 693 3617 Cf.
713 3561 814 3615 Miiller
831 3560 870 3613 ΠΙ
889 3579 917 3629 p.
932 3566 992 3630 ⁶02,
1011 3560 1101 3631 Βοιὼ,
1120 3560 1197 3614 stud.
1217 3566 1293 3636 [ιθθ

177 3652 208 3699 12
232 3640 310 3698 άπελ.
335 3661 391 3713 seq.
415 3643 519 3714 insigni
542 3641 643 3697 Suidee
672 3658 762 3696 errore
790 3646 882 3696 ortum
905 3657 964 3696 esee
989 3642 1060 3697 vidit
1081 3642 1190 3697 λόεοιάε
1265 3642 1317 3695 τοῦ

176 3720 394 3796 Οὐεσπασιανοῦ
412 3729 444 3778 K.
465 3725 535 3779 coni.
555 3725 639 3778 Daui
696 3728 728 3776 13
749 3718 778 3775 οί
794 3720 825 3775 δὲ
844 3718 909 3791 ’Ain
930 3740 995 3790 φασ,
1016 3740 1069 3777 om.
1089 3722 1164 3777 Ειιιλ.
1193 3722 1233 3776 cf.
1253 3723 1314 3778 cod.

174 3804 231 3857 Pal.
252 3804 327 3874 apud
344 3804 445 3859 Keller.
459 3803 522 3858 Rer.
537 3807 594 3858 net.
609 3804 704 3871 script.
719 3821 745 3871 p.
761 3809 807 3857 04:
829 3802 982 3871 Φλέγοντος
1001 3799 1197 3870 ἀπελευθέρου
1214 3799 1317 3873 Ἀδρια-

175 3887 227 3940 νοῦ
241 3889 383 3955 Καίσαρος
401 3885 464 3954 περὶ
483 3884 539 3938 τῶν
558 3878 701 3952 όλνμπίων
758 3888 790 3935 16
810 3880 981 3951 ἔκφρασιςθ
1035 3882 1099 3953 περὶ
1116 3885 1207 3951 θανμ.
1221 3882 1317 3949 Βοκδ,

175 3965 224 4020 eed
239 3966 272 4019 cf.
288 3964 383 4019 Keller
397 3983 423 4034 p.
439 3970 471 4019 57
530 3971 562 4020 18
576 3964 647 4018 hanc
663 3961 805 4032 epitomen
818 3981 873 4018 non
887 3964 1025 4020 diversam
1039 3980 1099 4019 esee
1116 3963 1219 4019 alibro
1234 3979 1318 4032 supra

175 4047 330 4101 memorato
349 4042 382 4098 τῦ
403 4040 431 4098 δ’
453 4041 525 4100 αῦτά
547 4043 577 4099 έν
598 4044 713 4116 βιβλίοις
731 4040 760 4113 η’
780 4043 852 4097 vidit
872 4046 984 4110 Miller,
1003 4045 1099 4112 itaque
1118 4045 1167 4097 eut
1185 4060 1268 4112 supra
1287 4038 1315 4115 β’

175 4147 226 4200 pro
246 4123 274 4197 η’
295 4126 504 4196 corrigendum,
526 4128 576 4180 aul
589 4126 635 4181 hic
655 4123 683 4194 η’
703 4142 752 4195 pro
772 4120 810 4195 β’,
830 4126 864 4180 de
884 4141 939 4195 qno
959 4126 993 4179 cl.
1012 4123 1124 4192 Rohde,
1143 4123 1188 4178 Gr.
1208 4122 1317 4177 Romen

176 4230 202 4281 p.
214 4216 265 4264 402
277 4210 342 4277 nol„
357 4207 449 4278 priore
464 4207 525 4261 Ιοοο
540 4207 661 4265 κλίνεται
675 4207 765 4278 operis
776 4207 940 4262 divisionem
950 4208 1041 4263 notari
1052 4209 1147 4262 censet
1156 4206 1317 4261 (ιἰιιτιίιαιίιλ

247 4289 387 4346 Dcccnv
408 4289 484 4343 Eud.
502 4306 529 4358 p.
550 4293 609 4342 726.
648 4290 763 4344 Tractat
779 4288 907 4344 Meineke
926 4289 938 4341 1
956 4306 984 4358 p.
998 4291 1049 4342 481
1128 4292 1160 4338 21
1181 4287 1317 4356 Φίλαργος

176 4373 252 4428 Eud.
308 4368 475 4442 Μισουμένῃ
493 4374 516 4420 A
540 4370 804 4440 Μισουμένονς·ΒΕ
827 4367 996 4441 μισούμενος
1019 4364 1056 4430 ὡς
1075 4361 1222 4435 Ἀθηναῖος
1240 4366 1316 4422 Eud.

177 4473 232 4523 μισ.
252 4448 289 4515 ὡς
306 4448 452 4522 Ἀθήναιος
470 4448 566 4506 Eue*
599 4450 639 4505 Cf.
659 4453 758 4507 Athen.
778 4452 804 4506 X
823 4470 849 4522 p.
864 4457 929 4519 415,
948 4448 1011 4502 XIV
1031 4467 1057 4519 p.
1074 4452 1124 4501 662
