3036 5114
199 343 241 408 38
664 341 876 398 HESYCHIUS.

104 524 108 532 ’
199 511 321 592 ἔγραψε
340 512 487 590 πλείστα,
507 505 544 571 ἐν
564 497 614 583 οἷς
631 502 836 590 θαυμάζεται
857 502 898 572 τά
922 507 968 584 είς
986 501 1047 591 τῆν
1067 502 1256 599 ἕξαῆμερου.
1288 505 1346 573 καὶ

197 610 269 681 κατ’
296 610 470 699 Εὐνομίου
495 609 532 678 δὲ
556 611 742 698 ἐξαιρέτους
765 611 921 693 συνέταξε
944 609 1081 697 λόγους,
1109 612 1164 679 καὶ
1187 612 1261 700 περὶ
1284 616 1347 680 τοῦ

199 717 298 806 άγίου
321 717 507 805 πνεύματος
529 720 660 804 τεῦχος,
688 717 744 784 καὶ
768 715 825 798 τὰς
848 722 895 798 είς
910 716 979 806 τῆν
1003 716 1186 806 ἑξαήμερον
1215 713 1348 804 ὁμιλίας

199 829 312 912 ἐννέα,
336 828 449 911 ἕτερον
471 829 587 911 τεῦχος
609 822 805 912 άσκητικόυ,
827 825 902 912 περὶ
925 831 1111 914 παρθενίας
1132 823 1230 910 ἄλλο,
1255 828 1347 892 ἔπαι-

171 954 261 1003 5υον
289 937 336 1014 είς
363 931 443 1012 τοὺς
469 931 501 1019 μ’
530 930 713 1019 μάρτυρας,
747 933 861 1019 ἕτερον
890 936 939 1011 είς
967 930 1130 1019 Γόρδιον,
1162 929 1267 1000 ἄλλον
1300 935 1348 1011 είς

199 1039 375 1128 Βαρλαάμ,
414 1041 527 1127 ἕτερον
564 1041 612 1117 είς
645 1035 835 1107 Ἰουλίτταυ.
890 1042 937 1118 είς
973 1037 1158 1125 διαφόρους
1190 1036 1349 1126 ’ψαλμοὺς

198 1147 312 1236 ῆθικολ
340 1146 435 1233 λόγοι
466 1147 641 1232 διάφοροι,
668 1147 852 1247 ἐπηστολαί,
877 1136 926 1212 ὧν
950 1143 1051 1213 οὐδὲν
1074 1142 1231 1231 ἄμεινον,
1262 1143 1349 1232 πρός
1401 1184 1405 1189 -

198 1283 233 1325 τε
255 1255 316 1324 τὸν
337 1252 504 1342 σοφιστὴν
523 1252 689 1339 Λιβάυιου
707 1253 763 1319 καὶ
781 1250 865 1341 πρὸς
883 1249 943 1320 τὸν
963 1257 1064 1338 φίλον
1083 1251 1273 1340 Γρηγόριου
1291 1251 1347 1319 καλ

199 1367 246 1445 είς
264 1361 387 1442 ἄλλους
404 1365 569 1439 πλείονας.
601 1361 737 1447 τελευτᾷ
757 1357 794 1426 δὲ
813 1364 988 1437 Βασίλειος
1006 1363 1194 1445 Γρατιανοῦ
1213 1356 1253 1426 τά
1267 1354 1344 1426 Ῥω·

165 1490 189 1530 10
203 1476 311 1558 μαίων
335 1473 482 1555 σκῆπτρα
507 1468 688 1546 διέποντος.
790 1472 792 1476 ’

288 1578 366 1644 OLI.
409 1571 622 1653 Βασιλικὸς
649 1571 818 1660 σοφιστῆς.
850 1573 1015 1659 περὶτῶν
1042 1571 1099 1640 διά
1127 1577 1195 1641 τῶν
1225 1574 1346 1655 λέξεων

199 1682 391 1771 σχημάτων,
420 1681 494 1768 περλ
523 1682 700 1767 ῥητορικῆς
726 1682 936 1765 παρασκευῆς
963 1677 1037 1765 ῆτοι
1064 1680 1140 1767 περὶ
1168 1675 1349 1767 ἀσκήσεως,

199 1791 273 1878 περὶ
297 1785 543 1876 μεταποιῆσεως
564 1786 619 1853 καὶ
643 1783 727 1852 άλλα
750 1784 836 1853 τινά.

289 1897 384 1963 LOII.
427 1893 565 1961 Βάτων
589 1892 740 1982 κωμικός.
787 1890 938 1981 δράματα
962 1889 1067 1961 αὐτοῦ
1090 1895 1351 1978 Συνεξαπατῶν,

162 2023 187 2066 1⁵
198 2000 440 2091 Ἀνδροφόυος,
463 1999 657 2088 Εὐεργίται.

290 2111 401 2178 CLIII.
442 2108 670 2196 Βημάρχιος
694 2104 885 2193 Καισαρεὺς
912 2108 948 2174 ἐκ
972 2111 1225 2191 Καππαδοκίας,
1251 2127 1350 2193 σοφι-

200 2217 287 2304 στῆς.
320 2209 418 2295 οὗτος
441 2220 565 2301 ἔγραψε
583 2212 642 2293 τάς
665 2218 929 2281 Κωυσταυτίνου
951 2217 1011 2281 τοῦ
1034 2214 1196 2300 βασιλέως
1213 2212 1348 2301 πράξεις

201 2328 238 2393 ἐν
262 2329 405 2410 βιβλίοις
428 2322 460 2407 ι’,
484 2320 619 2409 μελέτας
640 2345 676 2387 τε
698 2318 752 2386 καλ
778 2318 900 2405 λόγους
924 2320 1118 2408 διαφόρους.

289 2431 399 2498 CLIV.
441 2432 618 2517 Βροῦτος
641 2424 823 2514 στρατηγὸς
840 2424 1022 2513 Ῥωμαίων.
1057 2432 1201 2516 ἔγραψεν
1221 2429 1349 2518 ἐπιστο-

160 2558 187 2598 ²0
201 2535 261 2617 λάς
276 2536 332 2605 καλ
346 2540 413 2604 τῶν
429 2540 603 2622 Πολυβίου
616 2537 678 2602 τοῦ
693 2536 864 2622 ίστορικοῦ
877 2539 1006 2629 βίβλων
1020 2534 1188 2622 ἐπιτομήν.
1215 2534 1350 2623 θαυμά-

60 2646 81 2671 ””
202 2650 287 2726 ζεται
311 2643 348 2711 δὲ
371 2647 419 2724 είς
440 2641 503 2729 τῆν
525 2645 593 2711 τῶν
617 2644 801 2709 ἐπιστολῶν
825 2642 920 2709 ἰδέαν
942 2640 1049 2729 ῆγουν
1072 2645 1270 2731 χαρακτῆρα.

290 2753 383 2819 CLV.
429 2754 562 2830 Βῶλος
590 2752 831 2835 Δημοκρίτειος
866 2748 1064 2835 φιλόσοφος.
1101 2752 1252 2837 ἱστορίαν
1288 2750 1347 2818 καὶ

203 2890 416 2900 ——-

202 2997 237 3008 -
256 2964 304 3021 ιιαλ
322 2960 432 3018 κατ’-
451 2962 586 3029 συνέταξε
608 2992 641 3002 -
661 2959 702 3024 εἰς
720 2962 801 3027 διαφ.
821 2992 852 3000 -
874 2956 973 3029 ῆθικολ
992 2959 1071 3032 λόγοι
1152 2971 1168 3020 3
1187 2982 1243 3035 req.
1263 2965 1351 3023 habet

202 3045 390 3114 Hieronymus
461 3049 477 3098 5
497 3039 635 3113 μεγάλους
656 3061 734 3112 μαρτ.
753 3045 775 3092 V
848 3047 864 3097 8
884 3042 912 3096 in
928 3043 1029 3098 Suiduo
1048 3043 1126 3099 libris
1141 3046 1266 3116 sequItur
1284 3064 1349 3102 nur-

202 3124 274 3178 ratio
294 3140 327 3177 ex
342 3123 531 3194 Philostorgio
547 3123 695 3192 desumpta
708 3125 738 3177 et
751 3139 784 3177 ex
803 3141 828 3177 v.
847 3117 1033 3190 ’λπολινάριος
1046 3124 1149 3180 iterata
1203 3132 1219 3180 9
1238 3126 1350 3183 brevius

201 3205 399 3274 Hieronymus:
423 3204 541 3259 moritur
560 3203 715 3272 imperante
734 3201 868 3258 Gratiano
950 3211 983 3258 10
1007 3205 1140 3260 nonnulla
1159 3205 1222 3260 odd.
1247 3205 1348 3261 smum

203 3301 236 3338 ex
255 3285 310 3339 olio
331 3285 409 3339 fonte
428 3285 529 3338 hausta

275 3364 333 3419 CLI
352 3365 427 3419 End.
447 3383 472 3433 p.
494 3370 544 3418 159
619 3369 651 3416 19
671 3362 719 3416 καλ
738 3366 802 3431 περὶ
821 3360 911 3419 ἄλλων
930 3365 1039 3420 πολλῶν
1059 3360 1213 3433 ῥητορικῶν
1232 3364 1308 3421 Eud.

274 3446 345 3501 CLII
365 3446 439 3499 Euo.
455 3463 481 3514 p.
499 3450 559 3501 159.
583 3443 623 3498 Cf.
640 3443 740 3498 Suidus
759 3463 784 3499 v.
799 3442 919 3500 Πλάτων
938 3441 1067 3514 κωμικός.
1093 3444 1209 3499 Tractat
1224 3445 1350 3500 Μιλητία

202 3527 260 3595 Ip.
281 3531 333 3581 480
408 3531 440 3580 14
460 3521 560 3579 Βάτων
578 3529 628 3576 Η
652 3521 767 3579 Βάττον
790 3525 839 3579 reI.
863 3525 930 3580 libri
948 3526 1023 3581 Eoo.
1043 3526 1117 3595 quod
1136 3522 1267 3580 vitiorum
1286 3541 1347 3582 οεεο

203 3607 301 3660 docuit
320 3607 459 3671 Meineke3
479 3623 547 3661 corr.
567 3605 704 3661 Καελτνκε

275 3685 359 3740 CLIII
378 3684 419 3740 Cf.
436 3686 538 3741 Ζοκοι.
554 3704 581 3754 p.
592 3689 652 3739 ³86.
675 3685 792 3740 Tractat
804 3685 905 3742 Mulier
915 3685 953 3741 IV
967 3694 1021 3757 pt
1082 3693 1114 3743 1⁹1
1131 3684 1237 3757 ἔγραψε
1252 3703 1306 3742 orn.
1317 3691 1348 3742 V.

203 3765 380 3820 Constantini
402 3766 499 3835 Magni
522 3765 668 3820 historiam
691 3765 722 3818 in
745 3765 949 3823 dubitationem
973 3767 1085 3823 vocavit
1106 3767 1286 3838 Bernhardy,
1313 3766 1349 3822 ιλο

204 3844 366 3900 Constantio
386 3845 434 3914 agi
457 3847 534 3900 rotun
554 3844 616 3901 coll.
637 3845 734 3903 Libun.
753 3849 788 3901 de
808 3845 867 3901 vitu
886 3864 936 3901 suu
954 3865 980 3916 p.
1001 3853 1047 3914 99,
1067 3844 1116 3901 sed
1135 3846 1261 3901 codicum
1280 3845 1347 3901 nori-

203 3929 315 3996 pturam
334 3927 413 3980 tonet
433 3924 600 3991 θαλεολιοιίδ,
620 3926 715 3981 decem
734 3926 868 3981 librorum
887 3944 1002 3981 numero
1020 3926 1148 3995 inprimis
1167 3929 1322 3982 commotus

275 4005 355 4059 CLIV
375 4022 429 4059 om.
444 4006 578 4060 λλπλεκτα.
608 4005 740 4061 'fructuri
754 4006 823 4062 Mus.
839 4007 926 4062 Rben.
942 4006 1058 4061 XXXVI
1076 4006 1094 4062 1.
1110 4024 1132 4061 ο.
1192 4011 1226 4061 20
1245 4007 1280 4061 de
1295 4007 1348 4063 huo

204 4084 326 4155 opttome
345 4100 367 4154 ag
381 4083 530 4139 Plutarcho
545 4084 630 4152 (Brut.
649 4103 674 4154 p.
690 4088 753 4154 985)
773 4088 887 4143 laudata
903 4088 938 4143 ολ
952 4086 1124 4152 Hirschfeld,
1144 4086 1238 4142 Diurn.
1254 4074 1347 4144 λοελε.

206 4171 273 4220 1879
293 4184 319 4234 p.
340 4171 390 4218 109
401 4182 457 4233 εεη.
542 4163 722 4235 θαυμάζεται
745 4184 802 4235 seq.
828 4168 943 4223 tortuoso
970 4168 1068 4223 lectori
1095 4166 1179 4221 alicui
1202 4167 1347 4237 debentur,

204 4245 249 4301 oui
263 4243 343 4300 Phot.
363 4244 430 4299 bibl.
450 4262 476 4313 p.
494 4250 567 4299 lilla
585 4246 629 4300 vel
649 4247 731 4303 simil.
751 4252 817 4303 anto
836 4248 930 4303 oculos
950 4247 1177 4304 obversabantur.
1216 4247 1256 4302 Cf.
1276 4248 1346 4306 Mun.

205 4326 292 4380 Rhen.
312 4323 413 4379 XXXV
432 4343 458 4394 p.
478 4330 530 4379 208

276 4404 346 4460 CLV
366 4404 442 4460 Euo.
461 4423 487 4474 p.
509 4410 567 4459 169.
606 4403 645 4458 cf.
665 4404 767 4461 Miller
786 4409 811 4462 II
830 4426 857 4478 p.
876 4415 923 4477 95,
948 4409 996 4478 qui
1015 4407 1130 4462 suidam
1150 4424 1184 4462 ex
1203 4427 1258 4465 nuo
1277 4411 1347 4466 Bolo

206 4486 274 4542 duos
288 4486 388 4542 fecisse
402 4485 498 4540 docuit
550 4489 585 4539 22
601 4483 776 4556 Δημόκριτος
789 4493 896 4542 Anu
909 4494 969 4546 Alo.
986 4490 1173 4558 Δημοκρίτιος
1186 4490 1262 4546 an.
1277 4508 1346 4547 οοπ.
