3036 5114
66 709 127 753 tisis,

634 349 848 407 HESYCHIUS.
1246 350 1311 414 229

169 518 323 600 Λημνίου
347 515 525 598 σοφιστοῦ,
553 511 609 578 καλ
632 508 734 589 αύτδς
757 510 911 599 δεύτερος
934 511 1109 599 σοφιστής,
1138 512 1312 599 σοφιστεύ-

167 641 227 700 σας
250 623 286 688 έν
308 617 480 706 Ἀθήναις,
508 616 577 687 εἶτα
601 621 637 687 έν
656 614 781 708 Ῥύμῃ,
811 620 862 686 ἐπὶ
887 619 1045 707 Σεβήρου
1068 624 1129 688 τοῦ
1151 624 1312 705 βασιλέως

166 729 220 796 καὶ
257 730 318 808 ἕως
354 733 530 795 Φιλίππου.
586 731 708 815 ἔγραψε
745 729 894 814 μελέτας,
931 726 1105 806 ἐπιστολὰς
1144 727 1312 815 ε’ρωτικάς,

167 835 300 914 είκόνας
322 833 396 921 ήτοι
416 832 591 922 ἐκφράσεις
609 834 646 900 έν
665 839 808 920 βιβλίοις
827 832 873 920 δ’,
897 835 1064 920 διαλέξεις,
1082 832 1179 920 αἶγας
1197 831 1217 921 ἢ
1236 836 1311 920 περὶ

166 941 290 1029 αὐλοῦ,
311 940 536 1010 Ἀπολλωνίου
559 946 635 1028 βιόν
662 944 724 1010 τοῦ
752 942 906 1020 Τυανέως
934 942 969 1008 έν
993 947 1137 1028 βιβλίοις
1159 941 1205 1028 η’,
1235 938 1338 1028 ἀγα-5

167 1051 247 1137 ράν,
277 1048 439 1137 ἡρωικόν,
468 1054 565 1135 βίους
588 1052 758 1135 σοφιστῶν
783 1050 819 1116 έν
842 1053 985 1135 βιβλίοις
1009 1047 1053 1133 δ’,
1082 1046 1311 1135 ἐπιγράμματα

167 1158 222 1224 καὶ
246 1156 331 1224 άλλα
354 1155 438 1224 τινά.
484 1150 571 1242 πλήν
593 1159 724 1242 πρῶτος
747 1151 874 1241 ὀφείλει
897 1164 1040 1222 κεῖσθαι.

256 1248 479 1332 DCCCXLVI.
524 1261 796 1348 Φιλόστρατος
829 1259 846 1329 ὁ
875 1264 1019 1346 πρῶτος,
1049 1260 1210 1349 Λήμνιος,
1239 1260 1312 1341 υίὸς

168 1372 298 1458 Βήρου,
326 1368 432 1457 πατὴρ
464 1368 500 1436 δέ
529 1372 588 1437 τοῦ
612 1369 772 1454 δευτέρου
797 1368 1044 1456 Φιλοστράτου,
1075 1368 1234 1455 σοφιστής
1256 1371 1311 1437 καί

62 1516 114 1546 ιι..
167 1477 277 1564 αὐτός,
292 1476 513 1564 σοφιστεύσας
527 1477 564 1544 έν
575 1472 743 1563 Ἀθήναις,
758 1474 903 1561 γεγονὼς
918 1476 970 1543 έπλ
985 1478 1153 1563 Νέρωνος.
1187 1482 1309 1563 ἔγραφε
1325 1497 1351 1536 1⁰

168 1586 290 1672 λόγους
321 1581 570 1671 πανηγυρικούς
603 1588 776 1662 πλείστους
807 1584 862 1650 καλ
894 1582 1017 1669 λόγους
1046 1581 1313 1664 Ἑλευσινιακοὺς

167 1694 214 1779 δ’,
234 1694 378 1781 μελέτας,
399 1689 580 1778 ζητούμενα
600 1688 688 1778 παρὰ
702 1704 772 1770 τοῖς
787 1689 935 1778 ῥήτορσι,
956 1691 1133 1779 ῥητορικάς
1147 1688 1312 1779 ἀφορμάς,

167 1803 241 1890 περὶ
264 1805 324 1869 τοῦ
340 1797 504 1885 ὀνόματος
524 1796 606 1886 (ἔστι
636 1795 672 1864 δέ
695 1795 778 1890 πρὶς
799 1795 861 1864 τὸν
886 1796 1050 1885 σοφιστήν
1071 1796 1312 1889 Ἀντίπατρον),

166 1908 241 1996 περὶ
260 1909 445 1999 τραγῳδίας
463 1908 576 1990 βιβλία
600 1901 644 1989 γ’,
668 1901 907 1993 Ιγυμναστικύν
931 1904 1015 1994 (ἔστι
1039 1904 1077 1972 δέ
1095 1909 1170 1992 περὶ
1188 1911 1255 1974 τῶν
1275 1908 1312 1975 έν
1407 1923 1412 1929 ”

163 2000 656 2104 Ὀλυμπίᾳ’έπιτελονμένων)Ι,
683 2008 951 2098 λιθογνωμικόν,
979 2014 1134 2098 Πρωτέα,
1162 2012 1260 2081 Κύνα
1290 2010 1352 2100 ήιε

166 2122 347 2209 σοφιστήν,
372 2118 558 2211 ΙΝέρωναΙ,
582 2117 726 2204 Θεατήν,
750 2123 936 2210 τραγῳδίας
959 2118 1028 2208 μγ’,
1059 2125 1235 2212 κωμῳδίας
1264 2120 1312 2188 ιδ’
1366 2172 1369 2177 .
1394 2142 1398 2159 =
1476 2135 1484 2143 “

165 2231 220 2298 καλ
244 2232 338 2318 ἕτερα
364 2234 499 2296 πλεῖστα
523 2226 577 2293 καί
602 2224 706 2311 λόγου
729 2223 812 2308 άξια.
1328 2230 1354 2267 ”’

254 2336 500 2405 DCCCXLVII.
539 2330 813 2420 Φιλόστρατος
838 2339 1042 2422 Νερβιανού,
1064 2333 1312 2423 ίιδελφόπαιδος

171 2443 400 2531 Φιλοστράτου
422 2445 483 2510 τοῦ
506 2441 676 2528 δευτέρου,
701 2438 862 2527 Λήμνιος,
885 2443 939 2510 καλ
959 2441 1060 2523 αύτὸς
1078 2442 1239 2531 σοφιστής
1256 2445 1311 2512 καὶ
1387 2425 1396 2444 ’

165 2549 347 2630 παιδεύσας
370 2551 406 2618 έν
428 2546 596 2634 Ἀθήναις,
619 2545 816 2634 τελευτήσας
839 2546 876 2614 δέ
899 2549 953 2615 καὶ
976 2550 1092 2635 ταφεὶς
1115 2554 1152 2619 έν
1173 2550 1309 2642 Λήμνῳ,
1323 2580 1351 2621 ιο

69 2676 87 2711 ¹-
164 2656 330 2744 άκουστής
351 2656 458 2724 τεκαὶ
477 2653 626 2742 γαμβρὸς
643 2653 791 2740 γεγονιδς
808 2657 871 2723 τοῦ
890 2656 1049 2746 δευτέρου
1071 2656 1310 2744 Φιλοστράτου.

165 2773 310 2854 ἔγραψεν
333 2761 479 2847 εἰκόνας,
506 2761 791 2849 Παναθηναϊκόν,
824 2762 990 2849 Τρωικόν,
1014 2763 1230 2851 παράφρασιν
1253 2767 1312 2849 τής

166 2872 304 2961 Ομήρον
321 2867 473 2953 άσπίδος,
496 2868 632 2955 μελέτας
654 2869 690 2935 ε’.
714 2867 802 2948 τινὲς
826 2867 863 2936 δέ
881 2870 937 2937 καὶ
955 2868 1034 2949 τοὺς
1052 2875 1120 2939 τῶν
1140 2874 1311 2957 σοφιστῶν

164 2986 259 3067 βίους
282 2973 332 3046 ἐπ’
358 2973 463 3044 αὐτὸν
486 2972 726 3062 ἀναφέρουσιν,

253 3084 513 3155 ΒΟΟΟΧΙΝΙΙΙ.
567 3080 789 3169 Φιλόχορος
818 3081 957 3153 Κύκνου
982 3083 1162 3173 Ἀθηναῖος
1193 3087 1311 3173 μάντις
1324 3116 1351 3156 ιε

167 3237 195 3286 Β.
211 3231 286 3284 Eud.
359 3225 407 3281 καὶ
427 3226 481 3280 del.
495 3225 661 3295 Bernhardy
732 3220 857 3296 λαύλῇς
874 3227 959 3283 Daub
1030 3226 1059 3300 β’
1075 3246 1144 3285 corr.
1162 3230 1311 3296 Meursius,

165 3311 213 3366 sed
232 3309 365 3380 quattuor
378 3307 408 3361 in
422 3306 508 3362 iiiios
522 3305 652 3360 librarios
667 3321 736 3375 opus
750 3305 909 3363 distinxisse
922 3309 994 3363 viiii
1005 3309 1106 3365 Jacobs
1170 3305 1310 3378 ιιρωιιι
1348 3294 1355 3309 ’

167 3392 317 3456 Καείικκι,
336 3387 383 3443 sed
402 3386 436 3442 ef.
456 3387 564 3455 Kayser
581 3404 608 3455 p.
623 3384 714 3439 XXXI

238 3467 419 3526 DcchLvl
438 3468 513 3523 Eud.
531 3468 550 3521 l.
570 3483 592 3520 e.
630 3464 670 3522 Cf.
689 3483 715 3520 v.
735 3462 867 3537 Φρόντων
928 3476 943 3524 9
965 3466 1153 3540 Φιλοστράτου
1172 3466 1265 3539 Βήρου
1284 3476 1306 3522 V

167 3558 199 3606 10
219 3544 353 3617 σοφιστής
369 3543 517 3617 Ἀθήνησιν
540 3550 684 3616 utsupra,
704 3545 779 3602 Eud.
853 3543 900 3603 ἐτίλ
919 3547 1053 3620 Νέρωνος
1071 3550 1305 3620 quemadmodum

164 3630 383 3700 intellegendum
398 3627 494 3683 docuit
507 3626 610 3694 Rosiae,
629 3627 698 3682 Mus.
708 3624 796 3682 Rhen.
808 3628 925 3684 XXXIII
935 3648 961 3700 p.
974 3635 1037 3696 1753
1054 3626 1184 3700 Ἀθήναις
1199 3629 1303 3701 ἔγραφε

164 3710 264 3783 λόγους
280 3731 345 3766 ταν.
359 3714 403 3764 πλ.
420 3739 452 3749 -
469 3705 618 3776 σοφιστήν,
638 3705 772 3776 Νέρωνα·
792 3707 850 3764 ἔστι
869 3708 900 3765 δὲ
919 3711 984 3781 περὶ
1003 3705 1106 3781 ὀρυχῆς
1123 3710 1174 3765 τού
1191 3706 1305 3781 Ἰσθμοῦ

164 3793 313 3862 γεγονυίας
332 3786 379 3845 Iul
399 3787 545 3856 Νέρωνος,
564 3787 599 3841 de
618 3803 674 3856 quo
694 3784 752 3841 ἔστι
772 3820 804 3829 -
821 3784 935 3861 Ἰσθμοῦ
959 3809 1013 3848 om.
1033 3796 1063 3847 et
1084 3794 1234 3862 γεγονυίας
1257 3788 1305 3846 ἐπὶ

164 3871 298 3943 Νέρωνος
315 3868 444 3924 relietum
463 3867 591 3935 maleque
605 3867 641 3920 ab
656 3865 719 3920 aliis
734 3874 889 3927 correctum
904 3872 991 3928 fuisse
1009 3874 1038 3928 in
1053 3870 1177 3943 γεγονός
1194 3869 1303 3929 ἑτλΝέ·

163 3973 251 4024 ρωνος
270 3950 338 4005 olins
358 3949 428 4003 eonI.
443 3948 562 4019 Kayser,
580 3947 667 4017 praef.
686 3948 817 4006 Philostr.
891 3960 924 4007 13
942 3952 1007 4022 περὶ
1025 3974 1047 4007 τ.
1068 3972 1132 4022 οοφ.
1152 3955 1227 4012 Eud.

166 4041 198 4088 14
218 4036 294 4099 Quae
308 4030 408 4086 seclusi
422 4029 480 4084 filio
495 4029 573 4084 dedis
586 4029 695 4100 Kayser
745 4038 778 4087 16
794 4030 916 4102 Νέρωνα
929 4028 1040 4103 θεατήν
1055 4033 1191 4090 Κκείιτκο
1226 4031 1304 4107 us'v

235 4110 429 4167 Dcccxuvii
448 4110 524 4166 Eud.
543 4127 570 4179 p.
586 4115 638 4164 716
712 4117 744 4167 18
763 4107 940 4182 ἀδελφόπαις
958 4115 1031 4169 misle
1050 4132 1120 4171 eurr.
1141 4118 1282 4170 Μιιιτείκε

164 4194 256 4248 19τοῦ
267 4189 331 4246 υίοίι
344 4193 400 4245 Φιλ.
412 4190 503 4259 Essem
518 4191 552 4246 de
563 4191 701 4247 erroribus
711 4191 782 4247 dixit
790 4191 897 4263 Kayser
932 4200 967 4249 20
976 4195 1025 4250 καλ
1034 4195 1201 4265 τελευτήσας
1211 4193 1302 4265 ἐτάφη

162 4274 237 4328 Eud.
302 4276 336 4325 22
360 4270 431 4325 hanc
455 4267 638 4341 παράφρασιν
661 4273 800 4329 decimum
823 4274 980 4345 Imaginum
1005 4279 1091 4347 ceput
1113 4270 1171 4331 es'se
1195 4275 1304 4331 monuit
1336 4271 1338 4274 ”

162 4355 272 4424 Kayser
321 4356 355 4405 23
371 4347 396 4405 ε’
412 4368 466 4407 om.
477 4351 552 4407 Eud.
566 4369 684 4423 pergens
698 4351 769 4410 κατὰ
785 4353 817 4410 δέ
832 4375 909 4419 τινας
924 4373 981 4426 seq.
1024 4364 1057 4412 *23
1073 4353 1101 4418 ἐς
1116 4351 1204 4410 αὐτὸν
1219 4357 1303 4412 Βααδ

233 4431 441 4487 DCCCXLVIII
463 4435 598 4489 Traetsnt
620 4433 750 4505 Siebelis,
779 4435 851 4492 Phil.
875 4438 906 4491 fr.
933 4456 961 4508 p.
984 4444 998 4492 1
1018 4456 1089 4507 seq.;
1114 4438 1216 4493 Mulier
1238 4440 1250 4492 I
1275 4457 1301 4508 p.

161 4510 313 4578 Lxxxiv;
333 4511 427 4581 Danu,
446 4513 524 4569 send.
544 4533 570 4585 p.
586 4521 619 4569 24
635 4531 691 4584 seq.
750 4524 784 4573 λδ
803 4516 902 4587 μάντις
921 4518 969 4571 καλ
987 4514 1038 4586 ίερ.
1057 4518 1159 4575 vitiosa
1175 4520 1303 4577 videntur
