3036 5114
190 313 256 377 204
656 315 869 370 HXSYCHIUS.

190 479 252 560 [εἰς
274 469 314 545 τδι
337 473 510 562 Πρόκλου]
540 477 705 565 περὶτῶν
731 475 809 565 παρ’
834 473 964 571 Ὁμήρφ
992 482 1100 565 θεῶν,
1132 485 1345 566 συμφωνίαν

186 579 344 671 Ὀρφέως,
368 584 580 672 Πυθαγόρου
597 585 653 652 καλ
672 583 854 665 Πλάτωνος
873 587 947 674 περὶ
966 583 1005 654 τά
1024 584 1135 673 λόγια,
1157 592 1273 674 βιβλία
1294 586 1343 680 ιἸ

144 760 147 764 ,
188 689 244 756 καλ
267 688 347 757 ἀλλα
371 691 445 758 τινὰ
470 691 652 778 ε’ξηγητικά.

278 816 447 884 DCOLVI.
483 817 699 905 Σωκράτης
722 825 970 907 Σωφρονίσκου
997 818 1160 901 λιθοξόου
1187 819 1242 887 καλ
1275 847 1341 907 μη-

162 922 266 1011 στρὸς
291 925 497 1011 Φαιναρέτης
520 930 635 1012 μαίας,
662 924 826 1013 πρότερον
849 925 1031 1013 γενόμενος
1054 925 1225 1013 λιθοξόος,
1250 925 1341 996 ὥστε

186 1036 247 1098 καί
280 1051 384 1119 φασιν
418 1029 523 1101 αὐτοῦ
557 1039 656 1120 ἔργον
690 1031 776 1101 εἶναι
808 1033 865 1114 τάς
895 1031 1078 1121 Ἀθήνησιν
1111 1036 1342 1122 ἐνδεδυμένας

188 1136 347 1225 Χάριτας,
376 1138 445 1208 εἶτα
466 1140 697 1228 φιλοσοφήσας
722 1139 777 1209 διὰ
801 1139 838 1209 τδ
863 1138 1004 1209 ἀκούσαι
1026 1138 1249 1227 Ἀναξαγόρου
1273 1146 1340 1210 τοῦ

188 1351 225 1419 δὲ
251 1350 429 1441 Ἀρχελάου
458 1358 591 1442 πρῶτον
619 1351 724 1423 αὐτόν
754 1357 930 1422 διακοῦσαι
958 1356 1062 1442 λέγει,
1090 1355 1266 1441 γεγονέναι
1297 1356 1336 1425 δέ

148 1487 173 1526 ιι
188 1458 292 1528 αὐτού
314 1462 370 1529 καλ
393 1461 541 1547 παιδικά,
565 1462 798 1551 σφοδρότατόν
821 1489 855 1530 τε
878 1463 953 1549 περὶ
971 1460 1011 1529 τά
1034 1460 1230 1551 ἀφροδίσια,
1254 1462 1333 1532 ἀλλ’

187 1565 389 1656 ἀδικήματος
419 1576 534 1657 χωρίς,
565 1568 609 1649 ὦς
639 1570 838 1657 Πορφύριος
857 1573 902 1639 -έν
929 1573 968 1660 τῇ
997 1569 1175 1662 φιλοσόφῳ
1203 1574 1337 1663 ίστορίμ

187 1679 300 1760 φησίν.
347 1677 380 1755 ἐς
403 1675 439 1744 δὲ
463 1675 591 1765 ἀνδρας
614 1675 725 1745 έλθών
749 1676 988 1762 ἐστρατεύσατο
1012 1687 1059 1758 είς
1081 1704 1116 1746 τε
1134 1675 1336 1765 Ἀμφίπολιν

186 1782 242 1850 καὶ
270 1786 458 1853 Ποτίδαιαν
488 1786 544 1853 καὶ
573 1786 625 1854 έπλ
655 1790 780 1876 Δηλίῳ.
829 1785 884 1852 καλ
912 1799 1067 1872 γαμεταῖς
1096 1785 1133 1854 δέ
1161 1786 1336 1880 συνῴκησε

187 1889 261 1977 δύο,
278 1894 470 1982 Ξανθίππη,
494 1890 553 1980 ἀφ’
580 1885 619 1980 ής
642 1898 739 1980 ἔσχεν
761 1891 838 1961 υίδν
862 1894 1093 1980 Λαμπροκλέα,
1116 1894 1336 1984 καλδευτέρηι

147 2024 173 2065 ιε
188 2006 324 2085 Μνρτοῑ
349 2005 389 2090 τή
410 1998 614 2088 Ἀριστείδου
641 2005 701 2070 τοῦ
730 2004 863 2068 δικαίου
890 2005 1051 2088 θυγατρί,
1081 2001 1114 2082 έξ
1139 1992 1179 2088 ἧς
1203 2002 1339 2086 ἐγένετο

181 2114 430 2193 ΙΣωφρονίσκος
457 2110 512 2176 καὶ
541 2111 755 2196 Μενέδημος,
786 2105 806 2194 ή
836 2110 1038 2194 Μενέξενος,
1067 2105 1111 2188 ω”ς
1138 2128 1204 2176 τισι
1234 2112 1336 2177 δοκεῖ.

189 2214 245 2281 καλ
268 2216 320 2282 ἐπὶ
344 2216 405 2305 μὲν
429 2221 497 2284 τῶν
517 2221 848 2304 Πελοποννησιακῶν
867 2218 1017 2302 γέγονεν,
1041 2212 1085 2295 ὡς
1106 2213 1197 2307 τύπῳ
1217 2221 1335 2305 εἰπεῖν,
1361 2268 1396 2315 (rr

187 2319 370 2409 ὀλυμπιάδι
393 2322 459 2409 πζ’,
484 2326 562 2410 ἐβίω
587 2325 624 2393 δὲ
649 2330 703 2411 ἐτη
728 2322 777 2392 ο’·
800 2321 870 2391 εἶτα
893 2319 1022 2412 ἀλογίᾳ,
1046 2326 1173 2410 μᾶλλον
1197 2323 1234 2391 δὲ
1253 2320 1336 2393 ἀπο-

186 2435 264 2519 νοίᾳ
290 2435 358 2497 τῶν
382 2428 572 2517 Ἀθηναίων
599 2431 752 2518 βιασθεὶς
780 2445 867 2498 πιεῖν
896 2428 1038 2499 κώνειον
1066 2427 1253 2515 ἀπέθανεν,
1282 2435 1335 2516 ἔγ-

145 2558 173 2601 εο
187 2563 320 2625 γραφον
348 2537 450 2609 ούδλν
478 2542 684 2625 καταλιπόν,
716 2535 737 2626 ή
766 2537 811 2617 ὥς
832 2565 919 2618 τινες
947 2537 1127 2624 βούλονται
1149 2535 1259 2626 ὕμνον
1286 2543 1337 2623 είς

179 2639 374 2716 Ἀπόλλωνα
410 2649 465 2715 καλ
495 2647 649 2736 Ἀρτεμιν
681 2647 736 2714 καλ
774 2650 888 2733 μύθου
908 2643 1115 2734 ,Αἰσώπειον
1153 2642 1197 2712 δι’
1232 2647 1335 2735 ἐπῶν.

185 2754 396 2842 φιλοσόφους
415 2754 452 2824 δὲ
471 2754 647 2842 εἰργάσατο
668 2752 846 2838 Πλάτωνα,
865 2748 902 2832 δς
920 2749 1109 2820 καταλιπιδν
1128 2750 1165 2820 τὸ
1187 2750 1336 2820 Λύκειον

185 2861 299 2950 (τόπος
332 2861 369 2931 δὲ
402 2852 499 2944 οὗτος
529 2861 697 2950 Ἀθηνῶν)
730 2858 892 2946 μετήγαγε
929 2857 990 2946 τήν
1028 2857 1151 2947 σχολήν
1185 2860 1221 2927 έν
1253 2884 1336 2947 προ-

185 2975 320 3061 αστείῳ,
348 2975 386 3059 τῇ
411 2968 608 3058 Ἀκαδημείᾳ
635 2968 966 3055 προσαγορευομένη,
995 2966 1064 3054 (καὶ
1089 2969 1124 3034 οἱ
1144 2963 1201 3034 ἀπ’
1228 2963 1336 3034 αὐτοῦ

145 3099 172 3139 οε
184 3074 419 3163 Ἀκαδημαϊκοὶ
451 3075 661 3162 [φιλόσοφοι]
690 3074 1015 3163 προσηγορεύθησαν
1038 3075 1132 3162 μέχρι
1152 3071 1336 3162 Ἀριστοτέ-

185 3189 279 3262 λους·
318 3180 418 3262 αύτδς
451 3180 515 3271 γάρ
549 3181 713 3271 ἀκροατὴς
744 3185 804 3250 τού
837 3181 1020 3263 Πλάτωνος
1051 3181 1249 3269 γενόμενος,
1287 3186 1337 3263 είς

184 3292 293 3378 κῆπόν
321 3317 396 3360 τινα
431 3290 495 3380 πρὸ
525 3295 582 3378 τής
609 3289 736 3369 πόλεως
763 3288 820 3369 τὰς
848 3289 1019 3378 διατριβὰς
1042 3288 1266 3377 ποιησάμενος
1298 3291 1336 3357 ἐκ

184 3404 245 3469 τοῦ
268 3398 339 3468 κατ’
361 3398 463 3468 αὐτὸν
487 3399 668 3489 περιπάτου
687 3395 972 3485 Περιπατητικοὺς
994 3395 1148 3484 ὠνόμασε
1170 3393 1249 3475 τοὺς
1273 3391 1331 3462 ἀπ’

186 3506 318 3598 αύτού)·
347 3509 429 3594 [καὶ]
454 3507 667 3596 Ἀρίστιππον
690 3513 903 3594 Κυρηναῖον,
933 3500 969 3584 δς
997 3509 1088 3573 ἰδίαν
1111 3507 1240 3589 αἵρεσιν
1267 3506 1299 3570 εί
1320 3544 1335 3556 -

145 3638 172 3678 ³⁰
186 3613 289 3702 ήγαγε
322 3616 376 3682 καὶ
407 3614 531 3704 σχολήν
562 3614 788 3701 συνεστήσατο
812 3610 872 3698 τήν
896 3610 1116 3698 Κυρηναϊκήν
1139 3619 1334 3697 κληθεῖσαν·

258 3774 389 3830 DCCLVI
409 3776 449 3831 ef.
465 3776 545 3844 Diog.
562 3777 598 3844 ΙΙ,
615 3783 647 3831 18
662 3793 719 3842 seq.
743 3773 882 3841 Hesychio
897 3772 1015 3827 fortasse
1032 3772 1182 3827 tribuenda
1196 3787 1255 3826 εοεε
1270 3773 1333 3824 Σω-

187 3851 290 3926 κράτης
309 3889 341 3896 -
359 3851 503 3927 Ἀρχελάου
523 3860 552 3910 et
570 3856 618 3909 καλ
638 3851 685 3909 lul
703 3851 755 3922 μὲν
772 3885 803 3892 -
820 3847 860 3906 δι’
876 3849 953 3907 ἐπάν
968 3852 1026 3908 dixi
1040 3852 1110 3907 Mus.
1127 3853 1213 3907 Rhen.
1229 3849 1334 3904 XXXV

186 3956 213 4009 p.
231 3942 288 3991 198.
326 3938 474 4008 Porphyrii
497 3934 622 4005 ἱστορίαν
642 3930 799 4002 φιλόσοφον
819 3935 855 3989 ab
868 3935 1007 4003 Hesychio
1026 3932 1181 3987 adhibitam
1200 3947 1261 3985 esse
1285 3930 1334 3984 do·

166 4018 246 4073 0cuil
264 4018 358 4072 Rome
452 4014 664 4084 λλιθοξόοςῗ
759 4013 972 4086 8Δήμωνοςλ1
1069 4012 1215 4068 Μιλίλτελῐ
1234 4029 1260 4080 p.
1280 4017 1334 4066 280

187 4100 231 4170 (fr.
246 4103 291 4167 λθ)
351 4095 539 4167 θπράτουλλ
612 4105 644 4153 14
662 4097 753 4152 παῖδα
772 4092 834 4165 ἔσχε
852 4102 877 4148 V
941 4103 972 4151 16
993 4091 1029 4157 ὥς
1048 4113 1102 4149 τισι
1121 4096 1206 4148 δοκεῖ
1219 4093 1249 4147 et
1266 4107 1333 4146 mox

188 4176 225 4245 ὡς
243 4177 321 4255 τύπῳ
342 4177 432 4234 εἰπεῖν
452 4196 504 4233 om.
524 4184 546 4229 V
639 4185 671 4234 18
694 4173 741 4242 κζ’
757 4207 792 4216 -
807 4172 835 4229 o'
854 4175 994 4246 flagitavit
1011 4174 1178 4244 Bernhardy
1201 4172 1334 4227 laudatur

187 4262 312 4329 Πολιδω,
330 4259 400 4314 Mus.
420 4259 509 4313 Rhen.
529 4260 645 4315 XXXIII
666 4277 692 4328 p.
714 4263 764 4312 190
783 4253 825 4324 ιζ’
846 4288 878 4296 -
899 4251 931 4310 π’
955 4256 1033 4320 libri,
1057 4255 1132 4324 quod
1155 4252 1333 4308 librariorum

188 4358 280 4397 errore
299 4344 390 4397 ortum
409 4339 535 4410 suspicor
598 4345 632 4393 20
651 4334 735 4392 ἀλλον
754 4337 819 4408 post
838 4331 924 4391 ούδὲν
943 4333 1022 4389 addit
1040 4335 1176 4389 Καείαιιε
1238 4338 1271 4387 21
1292 4332 1333 4387 CI.

187 4423 332 4493 Μουσείου
351 4423 380 4477 in
399 4420 478 4491 Diog.
499 4420 532 4487 ll,
551 4425 585 4473 42
639 4424 673 4472 2⁶2
694 4435 750 4485 seq.
765 4448 800 4458 -
819 4416 883 4471 exit.
904 4415 1058 4485 Porphyrio
1077 4414 1217 4484 descripla
1235 4412 1334 4466 viden-

126 4548 128 4554 .
187 4505 234 4556 tur
253 4520 312 4558 esse
385 4508 419 4556 25
439 4499 590 4573 φιλόσοφοι
609 4518 662 4556 om.
680 4503 730 4553 Av
799 4504 832 4554 29
852 4496 902 4551 καλ
919 4495 1012 4552 delevi
