3036 5114
570 335 851 391 PROLEGOMENA.
1208 331 1281 386 LXV

228 503 322 580 Quod
346 503 374 567 si
393 506 479 566 recte
498 501 591 565 nobis
612 500 866 564 demonstratum
891 501 953 581 est,
977 497 1091 562 iisdem
1115 519 1281 580 argumen-

137 611 180 674 tis
209 611 289 674 alias
319 632 444 694 quoqne
472 609 556 673 vitas
585 607 810 691 Hesychianas
839 609 966 690 praeter
990 604 1135 669 Philonis
1165 627 1203 668 ex
1228 602 1282 668 So-

138 718 268 802 phronii
298 718 382 782 mole
414 709 580 781 enu'eleare
613 715 734 780 licebit.
761 736 790 779 v.
818 709 1095 797 Πολόκαρπος,
1127 713 1183 776 ubi
1216 713 1284 776 vita

138 823 343 907 Hesychiana
372 824 491 888 desinit
518 823 552 887 in
574 822 673 886 verba
700 817 802 897 άλλας
832 820 1019 903 ἐκκλησίας,
1048 807 1145 896 οὗτος
1156 841 1220 904 seq.
1245 841 1282 883 ex

139 930 299 1014 Sophron.
317 954 342 996 ο.
360 933 398 996 17
420 930 509 995 addit
528 928 642 994 Suidas
662 926 752 1014 (nam
773 927 990 1013 Sophronium
1009 928 1140 992 subesse
1158 926 1284 991 viderat

139 1060 177 1103 ex
206 1039 312 1103 verbis
341 1040 486 1122 ἔγραψεν
511 1031 687 1118 ἐπιστολὴν
710 1031 793 1116 πρὸς
819 1037 1063 1119 Φιλιππησίους
1085 1031 1176 1099 πάνυ
1198 1040 1284 1099 θαυ·

139 1140 279 1229 μαστήν,
307 1167 502 1230 quamquam
522 1143 688 1227 sequentia
708 1143 828 1226 scripta
850 1142 935 1227 apud
957 1141 1115 1226 Sophron.
1141 1140 1285 1223 desunt);

140 1247 461 1334 ν.’Λπολινάριος
485 1244 720 1326 Λαοδικεύς,
747 1271 810 1332 quo
835 1249 868 1312 in
892 1249 1027 1313 articulo
1051 1249 1156 1313 exitus
1181 1248 1283 1332 Hesy-

140 1359 274 1424 ehianoe
297 1360 330 1424 in
353 1381 430 1424 voce
453 1353 672 1441 ὑπομνήματα
697 1359 759 1437 est,
787 1356 821 1419 in
850 1379 913 1440 quo
942 1377 980 1419 ex
1005 1353 1185 1439 Sophronio
1214 1360 1285 1420 tnn-

140 1469 210 1529 turn
239 1464 277 1528 de
306 1488 370 1531 uno
398 1465 467 1528 eius
495 1464 579 1528 libro
611 1460 708 1549 (κατά
735 1465 937 1544 Πορφυρίον
968 1458 1147 1545 τριάκοντα
1174 1459 1285 1548 λόγοι)

142 1576 175 1635 ot
201 1572 239 1636 de
263 1572 358 1655 Apol.
387 1571 599 1656 grammatico
628 1569 745 1634 notitia
769 1567 961 1654 deprompta
988 1574 1039 1634 est
1067 1569 1118 1653 (ἐν
1146 1571 1185 1655 τῇ
1214 1567 1284 1635 νεό-

140 1703 213 1761 τητι
245 1679 373 1762 μᾶλλον
411 1674 473 1761 τὴν
508 1671 738 1761 γραμματικὴν
772 1671 947 1759 ἤσκησεν);
987 1701 1013 1740 v.
1041 1679 1287 1754 Βασίλειος

143 1788 254 1849 Καισ.
283 1782 398 1870 (usque
425 1785 473 1860 είς
496 1778 620 1860 άλλους
647 1780 816 1867 πλείονας)
845 1783 896 1846 vel
926 1781 1099 1860 διέποντος
1128 1787 1286 1865 [extrema

144 1891 311 1956 verbosis
334 1892 367 1954 in
392 1890 574 1975 Sophronio
598 1892 762 1976 leguntur:
785 1890 920 1974 τελευτᾷ
944 1886 1180 1973 βασιλεύοντος
1204 1895 1286 1974 Γρα-

143 1995 310 2081 τιανοῦ]),
333 2020 396 2081 qua
416 1998 448 2061 in
473 1998 540 2061 vita
563 2019 600 2061 ex
621 1996 801 2081 Sophronio
821 1995 989 2080 desumpta
1012 1995 1067 2061 καὶ
1085 1992 1155 2062 κατ’
1178 1993 1285 2062 Εὐνο-

145 2106 226 2188 μιόυ
249 2101 286 2168 δὲ
305 2101 491 2186 ἐξαιρέτους
511 2103 665 2180 συνέταξε
685 2100 806 2187 λόγους
823 2101 878 2168 καὶ
897 2102 972 2185 περὶ
990 2107 1051 2169 τοῦ
1070 2099 1169 2185 ἁγίου
1187 2102 1285 2170 πνεῦ-
1304 2115 1311 2133 ·

146 2234 249 2294 ματος
272 2212 387 2294 τεῦχος
409 2205 463 2275 καὶ
487 2207 545 2287 τὰς
563 2211 610 2287 είς
628 2205 690 2292 τὴν
710 2207 892 2294 έξαήμερον
912 2205 1041 2294 ὁμιλίας
1060 2211 1156 2276 ἐννέα
1172 2212 1285 2296 ἕτερον

143 2319 260 2399 τεῦχος
286 2312 470 2400 άσκητικόν
495 2315 608 2403 (Soph.
627 2310 698 2380 κατ’
725 2312 899 2401 Εῦνομίου
922 2316 1108 2401 ἐξαιρέτους
1131 2320 1286 2398 συνέταξε

143 2420 266 2507 λόγους
293 2421 348 2488 καὶ
382 2422 455 2506 περὶ
484 2420 671 2508 πνεύματος
697 2417 796 2505 άγίου
823 2425 939 2508 τεῦχος
966 2423 1021 2488 καὶ
1049 2427 1096 2502 είς
1124 2423 1185 2510 τὴν
1216 2426 1286 2505 ἑξα-

143 2526 269 2616 ήμερον
293 2526 425 2615 ὁμιλίας
443 2530 540 2596 ἐννέα
558 2528 614 2594 καὶ
633 2525 841 2615 άσκητικόν),
865 2532 988 2614 reliqua
1010 2533 1096 2597 vitae
1120 2556 1157 2596 ex
1182 2533 1285 2598 altero

144 2637 233 2702 fonte
252 2639 420 2723 supplens3
443 2661 473 2704 v.
492 2633 717 2721 Γρηγόριος
740 2640 828 2715 Nat
848 2636 963 2722 (usque
987 2634 1151 2722 μυριάδας
1173 2638 1286 2724 τρεῖς),

144 2745 200 2809 ubi
224 2767 261 2810 ex
286 2745 410 2810 duobus
433 2744 578 2809 fontibus
598 2742 798 2829 Hesychium
822 2766 881 2809 sua
904 2744 1110 2829 descripsisse
1129 2746 1287 2830 probatur

144 2852 250 2916 verbis
284 2853 317 2916 in
344 2851 438 2917 initio
471 2851 586 2936 positis
620 2852 667 2926 είς
696 2846 760 2933 γάρ
788 2863 877 2933 τρεῖς
905 2851 1070 2937 μυριάδας
1097 2855 1219 2936 στίχων
1245 2849 1285 2918 τὰ

144 2953 357 3041 συντάγματα
381 2953 485 3024 αῦτοῦ
510 2957 697 3041 συνέθηκεν
722 2962 818 3043 atque
842 2960 927 3024 infra
945 2960 1071 3024 iteratis
1090 2953 1188 3024 ἅτινα
1206 2977 1285 3025 συν-

142 3061 281 3148 άγονται
304 3067 351 3142 είς
373 3064 462 3130 έπιῦν
485 3061 650 3150 μυριάδας
672 3077 774 3149 τρεῖς,
803 3089 939 3151 quorum
963 3068 1052 3151 prius
1081 3090 1120 3132 ex
1145 3065 1284 3152 Sophro-

143 3174 198 3238 nio
222 3174 379 3256 manavit,
405 3196 478 3239 oum
501 3173 535 3237 in
559 3173 670 3238 eodem
695 3173 775 3239 haec
801 3175 924 3257 scripta
943 3174 984 3239 ab
1007 3173 1172 3259 Hesychio
1194 3196 1286 3239 enar-

144 3283 217 3343 rata
240 3279 359 3344 desint:
384 3276 556 3363 ἐπιτάφιος
578 3281 625 3356 είς
647 3279 707 3345 τὸν
734 3279 855 3346 ἑαυτοῦ
872 3278 1011 3364 πατέρα,
1030 3279 1141 3362 ἕτερος
1159 3282 1206 3358 εἰς
1223 3278 1286 3365 τὴν

144 3378 295 3471 άδελφὴν
320 3390 524 3470 Γοργονίαν,
552 3384 627 3470 περὶ
650 3389 827 3471 θεολογίας
850 3382 896 3470 α’,
924 3385 999 3471 περὶ
1022 3388 1100 3452 υίοῦ
1123 3386 1217 3471 λόγοι
1240 3386 1286 3472 β’,

144 3492 365 3577 πανηγυρικοὶ
387 3490 481 3577 λόγοι
505 3489 533 3557 ι’
557 3491 666 3557 stunt
691 3493 795 3575 ἕτεροι
819 3498 965 3581 πλεῖστοι
984 3492 1039 3558 καὶ
1062 3495 1141 3559 πάσι
1164 3491 1286 3577 γνόρι·

143 3599 247 3687 μοι1);
269 3624 299 3666 v.
315 3595 500 3684 Ἰώσηπος
523 3604 544 3664 1
548 3601 712 3674 ουδαῑος
735 3599 850 3685 (usque
874 3599 914 3664 ed
937 3602 1079 3683 βιβλίοις
1100 3597 1148 3687 κ’)
1171 3601 1205 3665 in
1228 3601 1286 3665 ini-

143 3708 191 3771 tio
219 3708 305 3772 vitoe
333 3708 433 3773 rerba
460 3707 651 3791 φιλαλήθης
678 3706 784 3791 λέγων
800 3745 842 3754 -
858 3708 1019 3791 Χριστοῦ,
1048 3730 1129 3792 quae
1152 3730 1285 3793 prorsus

144 3814 185 3877 ab
213 3813 370 3898 Hesychii
402 3814 532 3900 ingenio
565 3814 729 3898 recedunt,
762 3837 782 3878 a
813 3813 988 3879 christiano
1018 3815 1138 3879 lectore
1166 3816 1216 3879 vel
1245 3816 1285 3878 ab

217 4089 242 4154 1)
270 4086 399 4143 Ceterum
427 4087 504 4146 Suid.
523 4088 665 4158 (Hesyoh.)
693 4084 827 4150 ἐπαίνους
847 4082 971 4155 Ἥρωνος
998 4085 1170 4158 φιλοσόφον,
1201 4089 1284 4158 Soph.

145 4162 280 4229 ἐπαίνους
298 4169 433 4238 Μαξίμου
458 4164 617 4237 φιλοσόφου
640 4164 710 4239 μετὰ
734 4164 786 4237 τὴν
810 4164 922 4235 ἐξορίαν
945 4163 1165 4238 άναζεῦξαντος,
1188 4163 1285 4224 ὅντινα

143 4246 258 4313 ψευδῶς
276 4266 352 4310 τινες
362 4242 489 4316 Ἥρωνος
509 4245 683 4317 ἐπέγραψαν.
717 4248 774 4304 ἔστι
792 4247 846 4317 γάρ
864 4247 912 4302 καί
928 4240 997 4317 άλλη
1017 4252 1123 4323 βίβλος,
1142 4246 1284 4317 κατάγνω-

144 4345 189 4381 σιν
207 4327 258 4380 τοῦ
278 4323 366 4382 αῦτοῦ
382 4330 517 4398 Μαξίμου
535 4328 718 4399 περιέχουσα,
737 4324 775 4390 ὡς
793 4325 831 4399 μὴ
847 4323 912 4393 ἐξὸν
931 4325 1019 4398 εἷναι,
1038 4326 1088 4383 τὸν
1103 4325 1192 4382 αὐτὸν
1207 4325 1285 4383 ἐπαι-

143 4403 225 4461 νέσαι
243 4406 292 4461 καί
310 4407 398 4474 ψέξαι
416 4403 448 4462 ἐν
467 4410 564 4481 καιρῷ.
593 4410 634 4462 De
653 4409 786 4479 Gregorio
805 4410 947 4463 imitatore
966 4409 1136 4476 Polemonis,
1156 4407 1286 4463 Aristidis

144 4485 287 4555 magistri,
307 4504 417 4556 prorsus
434 4490 510 4543 tooot
528 4490 707 4559 Sophronius.

199 4586 348 4638 Ennomus,
360 4586 395 4629 erl.
410 4587 489 4629 Flueh.
1059 4595 1074 4632 e
