3036 5114
562 1047 949 1188 PRAEFATIO:
995 1145 1002 1160 .

269 1420 318 1487 De
351 1420 547 1508 Biographis
580 1421 713 1487 Graecis
751 1422 931 1487 minoribus
968 1425 1043 1505 post
1079 1419 1102 1485 Ι.
1121 1416 1254 1485 Vossii
1287 1420 1325 1483 de

183 1511 345 1577 historicis
369 1511 501 1577 Graecis
529 1513 647 1576 mirum
675 1512 865 1595 opusculum
891 1512 1013 1595 optime
1037 1533 1056 1575 a
1076 1509 1325 1574 Westcrmanno

181 1601 350 1685 vulgatum
365 1600 467 1686 (Lips.
485 1601 583 1686 1838)
602 1606 635 1664 et
651 1600 690 1666 D.
704 1599 924 1665 Ruhnkenii
944 1599 1139 1665 Graecorum
1159 1603 1325 1663 oratorum

180 1688 353 1755 historiam
381 1691 540 1773 criticam,
567 1712 663 1775 quam
692 1690 827 1755 editioni
856 1688 971 1754 Rutilii
999 1688 1083 1772 Lupi
1113 1688 1327 1771 praemiserat

180 1776 297 1864 (Lugd.
319 1776 432 1862 1768),
458 1780 581 1862 primus
609 1780 725 1844 eximie
752 1779 887 1843 merItus
915 1783 965 1843 est
989 1777 1161 1842 Meineke
1189 1776 1327 1841 historia

181 1868 294 1932 crItioa
312 1868 507 1933 comicorum
522 1867 718 1933 Graecorum
737 1868 781 1954 (a.
798 1865 908 1952 1839),
926 1866 1040 1932 deinde
1055 1865 1326 1930 Westcrmann

181 1956 321 2025 editione
336 1979 395 2021 sua
407 1956 670 2043 Biographorum
684 1958 845 2021 mInorum
861 1979 889 2021 a.
907 1955 991 2022 1845
1006 1959 1128 2038 curata,
1147 1956 1202 2040 qui
1216 1960 1325 2019 tamen

181 2050 371 2129 apparatum
400 2046 508 2130 potius
537 2048 683 2112 criticum
712 2068 751 2111 ex
778 2045 941 2111 codicibus
969 2044 1203 2110 conficiendum
1229 2066 1325 2128 quam

179 2137 287 2199 textus
301 2135 560 2202 emendationem
575 2136 727 2219 respexit,
744 2156 839 2220 quern
854 2134 1025 2220 permultis
1039 2134 1120 2199 locis
1140 2138 1325 2217 corruptum

180 2223 327 2308 reliquit,
351 2245 410 2289 nec
433 2226 540 2311 magis
563 2225 648 2289 inter
671 2225 827 2310 genuinas
850 2224 990 2289 vitarum
1013 2227 1123 2307 partes
1147 2227 1180 2288 et
1203 2221 1325 2286 addita-

180 2318 290 2376 menta
312 2313 469 2378 distinxit
510 2312 665 2399 Magnum
692 2334 768 2377 vero
793 2312 934 2377 vitarum
958 2335 1127 2377 numerum
1150 2311 1191 2375 ab
1214 2311 1326 2376 eodem

180 2401 337 2465 omissum
360 2401 460 2467 fuisse
484 2407 517 2467 et
543 2424 582 2467 ex
610 2406 769 2487 apparatu
794 2424 866 2466 meo
890 2408 990 2466 etex
1013 2401 1118 2467 indice
1147 2423 1171 2466 s.
1194 2400 1248 2465 fin.
1273 2400 1326 2464 de·

180 2489 302 2574 scripto
321 2490 466 2576 colligas.
495 2492 574 2557 Post
584 2491 825 2556 Westermanni
842 2491 1002 2575 insignem
1017 2490 1209 2555 industriam
1229 2490 1323 2574 pauci

180 2579 220 2642 ad
249 2579 484 2645 emendandum
512 2581 653 2644 vitarum
681 2584 807 2645 textum
836 2580 984 2666 aggressi
1012 2583 1102 2661 sunt,
1131 2580 1216 2643 inter
1245 2600 1326 2662 quos

180 2665 319 2732 Muller
351 2669 579 2735 historicorum
612 2668 809 2734 Graecorum
842 2669 1100 2754 fragmentorum
1137 2668 1326 2732 collectione

180 2757 309 2822 eminet.
341 2757 534 2845 Nuperrime
553 2763 660 2823 autem
681 2764 713 2822 et
727 2757 856 2822 ltohde
875 2763 908 2823 et
921 2756 1030 2823 Daub
1048 2757 1141 2823 novis
1161 2756 1326 2821 doctrinae

180 2844 356 2930 thesauris,
379 2869 452 2911 curn
472 2852 505 2917 et
522 2846 679 2932 Hesychii
700 2845 834 2929 Milesii,
856 2847 957 2911 fontis
975 2843 1106 2930 Suidae,
1129 2845 1270 2911 indolem
1295 2850 1328 2909 et

180 2934 324 2999 studium
341 2936 493 3001 subtilius
508 2941 622 3002 essent
633 2936 745 3001 rimati
760 2940 793 3001 et
811 2934 983 3001 historiam
997 2936 1180 3001 litterarum
1190 2933 1326 2999 Graeca·

181 3045 253 3087 rum
278 3024 406 3089 aliunde
430 3031 663 3109 perscrutatam
683 3029 715 3090 et
733 3030 916 3109 temporum
936 3025 1094 3090 rationem
1114 3046 1151 3089 ao
1169 3025 1325 3088 terminos

180 3113 221 3175 ad
241 3113 499 3179 emendationem
519 3114 723 3198 adhiberent,
746 3112 904 3197 Hesychii
923 3115 1062 3179 vitarum
1082 3134 1233 3198 magnam
1252 3135 1326 3197 par·

179 3205 246 3264 tem
279 3202 448 3267 emendare
486 3204 738 3289 mendorumque
775 3223 877 3287 genus
910 3204 1092 3286 patefacere
1126 3202 1327 3285 studuerunt,

180 3311 316 3374 quorum
336 3291 392 3356 ille
412 3293 612 3359 coniecturas
632 3293 811 3377 publicavit
829 3292 1110 3358 dissertationibus
1125 3290 1208 3356 Mus.
1222 3290 1326 3355 Rhen.

178 3378 320 3443 XXXIII
343 3403 375 3464 p.
391 3382 452 3446 161
469 3403 534 3466 seq.
552 3380 693 3446 XXXIV
712 3406 743 3466 p.
758 3381 821 3445 561
843 3403 907 3465 seq.
931 3382 972 3447 al.
991 3383 1076 3446 etin
1094 3381 1180 3446 notis
1199 3381 1324 3465 egregii

180 3469 300 3551 operis,
329 3469 414 3553 quod
441 3471 607 3555 inscripsit
634 3470 723 3554 „Der
746 3468 954 3535 Griechische
980 3468 1140 3553 Romau“,
1168 3467 1263 3533 Daub
1294 3474 1327 3532 et

180 3557 214 3620 in
238 3556 523 3642 disputatiunculis
542 3560 658 3624 Annal.
673 3559 751 3643 phil.
768 3559 853 3624 1880
872 3582 902 3643 p.
916 3560 959 3624 24
974 3582 1039 3644 seq.
1059 3564 1092 3624 et
1114 3559 1196 3624 1881
1212 3581 1243 3642 p.
1258 3558 1322 3622 241

182 3646 304 3730 -267,
329 3645 412 3712 Mus.
434 3647 537 3712 Rhen.
560 3647 683 3714 XXXV
710 3671 741 3732 p.
759 3648 801 3712 56
818 3669 896 3732 seq,
923 3653 957 3713 et
982 3649 1016 3713 in
1039 3646 1321 3713 dissertationibus

180 3733 218 3798 de
242 3733 359 3800 Suidae
379 3734 489 3822 Biogr.
508 3760 554 3803 or.
572 3742 605 3802 et
623 3737 685 3801 fide
705 3737 821 3801 Annal.
839 3736 923 3820 phil.
937 3735 1047 3823 Suppl.
1061 3736 1109 3801 XI
1123 3759 1153 3820 p.
1167 3737 1234 3802 405
1248 3757 1323 3820 seq,

179 3823 218 3887 de
241 3822 322 3889 Eud.
341 3820 479 3890 Violarii
502 3826 648 3891 fontibus
671 3825 757 3891 Frib.
780 3826 864 3891 1880
888 3829 920 3890 et
943 3827 977 3890 in
1000 3826 1083 3891 libro
1106 3825 1263 3910 „Studien
1287 3847 1324 3888 zu

180 3911 242 3976 den
259 3910 483 3998 Biographika
501 3915 557 3980 des
577 3914 714 3981 Suidas“
737 3912 856 4000 (Freib.
879 3914 993 4002 1882),
1016 3916 1106 3980 cuius
1129 3937 1200 3980 cum
1224 3935 1326 3978 corre-

180 4007 288 4066 cturas
312 4001 391 4067 mibi
416 4004 456 4068 ad
477 4027 582 4069 meum
606 4028 699 4070 usum
719 4006 928 4086 concesserit,
952 4026 1149 4090 quamquam
1170 4025 1242 4067 mea
1260 4003 1325 4066 iaur

179 4091 268 4174 typis
288 4092 529 4176 exprimebatur
547 4094 661 4178 editio,
679 4094 784 4158 multa
802 4093 876 4158 inde
896 4095 1060 4178 acquirere
1078 4092 1206 4157 licebat.
1236 4091 1325 4155 ldem

180 4200 245 4243 non
263 4181 333 4245 fieri
349 4182 494 4265 potuisse
509 4183 601 4249 doleo
616 4205 654 4248 ex
668 4182 816 4247 Rohdei
831 4182 1113 4247 dissertationibus
1127 4179 1209 4245 Mus.
1222 4180 1326 4245 Rhen.

179 4266 320 4333 XXXXI
337 4293 366 4353 p.
387 4271 452 4336 380
467 4294 532 4356 seq.
552 4277 584 4338 et
603 4273 668 4336 524
688 4293 768 4356 seq,
786 4275 819 4335 et
838 4292 877 4336 ex
890 4270 1186 4337 Wilamowitzii
1204 4269 1325 4353 insIgni

179 4357 278 4441 libro,
306 4381 400 4442 quem
424 4361 590 4445 inscripsIt
608 4362 792 4446 Antigonos
818 4383 881 4425 von
901 4359 1060 4445 Karystos
1080 4357 1176 4445 (Phil.
1196 4357 1325 4423 Unters.

180 4444 361 4534 IV1881),
390 4449 506 4534 quibus
530 4473 593 4515 non
624 4451 687 4514 nisi
718 4449 751 4513 in
779 4449 982 4534 paucissimis
1006 4449 1264 4531 Prolegomcnon
1293 4450 1326 4511 et

1079 4551 1114 4606 a*
