3036 5114
239 307 277 368 10
703 309 916 364 IIESYCHIUS.

321 469 422 534 XXX.
462 466 636 548 Ἀλκαῖος
664 476 921 558 [Μυτιληναῖος,
949 469 1029 562 εἶτα]
1059 471 1250 560 Ἀθηναῖος,
1279 503 1377 561 κωμι-

194 598 199 611 ·
231 571 290 652 κὸς
308 571 523 668 τῆς-ἀρχαίας
541 579 717 669 κωμῳδίας
732 578 917 666 [κέμτιτος],
941 577 1015 661 υίὸς
1035 580 1071 648 δέ
1087 587 1230 650 Μίκκου.
1254 588 1376 670 ἔγραψε

233 682 384 768 δράματα
408 684 496 751 δέκα.

319 809 437 875 XXXI.
475 807 723 898 Ἀλκιβιάδης
756 811 830 891 υίὸς
862 818 1023 881 Κλεινίου
1055 814 1109 881 καὶ
1141 817 1199 900 τῆς
1230 812 1378 902 ἀδελφῆς

205 916 449 1002 ῦλλερικλέους,
470 913 662 1004 Ἀθηναῖος,
686 917 873 1005 φιλόσοφος
890 921 945 987 καὶ
965 920 1091 1007 ῥητωρ,
1115 919 1267 1008 μαθητὴς
1288 927 1377 1006 πρῶ-

230 1047 289 1088 τον
305 1028 471 1111 Σοφίλου,
487 1022 555 1092 εἶτα
571 1024 783 1113 Σωκράτους,
803 1019 844 1094 οὗ
858 1028 912 1094 καὶ
929 1020 1015 1114 (ἦν)
1031 1027 1207 1116 ἐρώμενος,
1223 1026 1267 1109 ὥς
1280 1056 1376 1110 τινες.

232 1129 299 1213 [καὶ
318 1132 353 1198 ἐκ
373 1130 507 1199 δούλων
526 1132 563 1200 δὲ
582 1133 741 1219 τεχθέντα
759 1133 847 1213 τινες
865 1134 1103 1222 ίστορῆκασιν.]
1130 1128 1243 1219 [οὗτος
1261 1137 1375 1224 ἐστρα-

231 1235 375 1323 τήγησεν
396 1233 600 1325 Ἀθηναίων
623 1240 678 1306 καὶ
697 1240 859 1326 λυπηθεὶς
878 1239 934 1308 διά
957 1239 994 1310 τὸ
1018 1244 1167 1310 ἐκπεσεῖν
1192 1240 1295 1310 αὐτὸν
1317 1246 1376 1330 τῆς

230 1349 427 1430 στρατηγίας
455 1349 513 1432 τῆς
542 1350 610 1415 τῶν
634 1344 766 1434 Ἑρμῶν
797 1334 967 1435 ἀποκοπῆς
999 1349 1110 1435 ἕνεκα,
1142 1349 1196 1416 καλ
1229 1346 1377 1429 ἀποστάς

190 1465 215 1504 1⁰
229 1449 312 1539 πρὸς
338 1455 572 1540 Τισσαφέρνην
594 1454 654 1523 τὸν
674 1455 811 1542 Πέρσην
834 1455 888 1522 καὶ
907 1456 1054 1542 πολέμου
1072 1466 1177 1538 αῖτιος
1194 1455 1376 1543 γενόμενος

227 1555 430 1645 Ἀθηναίοις,
449 1559 550 1628 πάλιν
569 1557 683 1640 αὐτοῖς
696 1560 817 1642 εόνονς
830 1563 970 1648 ἐγένετο.
997 1564 1176 1648 μέλλοντος
1191 1563 1228 1632 δὲ
1246 1562 1375 1630 Λυσάν-

230 1672 315 1757 δρου
334 1665 437 1739 αὐτὸν
456 1665 619 1756 ἀναιρεῖν,
637 1666 716 1756 παρ’
733 1659 759 1760 ᾧ
781 1671 946 1757 διέτριβεν
962 1674 1010 1749 είς
1022 1664 1138 1758 κώμην
1151 1675 1210 1758 τῆς
1227 1675 1376 1758 Φρυγίας

121 1860 123 1863 ¹
230 1778 343 1866 ἑταίρᾳ
362 1775 486 1862 συνών,
506 1775 590 1865 ὄναρ
605 1768 648 1863 ῆν
662 1778 864 1864 τεθεαμένος
877 1776 1023 1844 τοιόνδε·
1043 1777 1151 1846 έδόκει
1169 1777 1231 1865 τῆν
1249 1781 1375 1864 ἐσθῆτα

228 1888 287 1971 τῆς
314 1884 445 1970 ἑταίρας
472 1890 557 1971 ἔχων
584 1890 739 1952 καίεσθαι
772 1887 847 1971 δίχα
872 1888 931 1970 τῆς
952 1887 1106 1972 κεφαλῆς.
1130 1889 1165 1953 el
1187 1885 1374 1972 δορυφόροι

190 1991 266 2060 15δὲ
290 1990 480 2073 ἐπιστάντες
502 1988 643 2079 ὑφῆψαν
666 1990 727 2078 τῆν
748 1988 923 2078 σκηνῆν,ό
948 1991 986 2059 δὲ
1009 1991 1154 2073 ἐξελθὼν
1177 1998 1235 2082 βίᾳ
1258 1991 1373 2078 τιτριό-

229 2119 340 2168 σκεται
369 2103 534 2187 διωχθείς.
581 2102 616 2166 oi
637 2099 674 2167 δέ
696 2097 758 2185 τῆν
781 2097 930 2185 κεφαλὴν
953 2096 1136 2186 ἀφελόντες
1158 2097 1262 2168 αὐτοῦ
1285 2107 1373 2184 Φαρ-

228 2206 360 2299 ναβάζῳ
380 2213 596 2294 κομίζουσιν]
1422 2288 1425 2296 Ι

220 2414 225 2421 ι
317 2335 454 2401 XXXII.
494 2330 726 2418 Ἀλκιδάμας
752 2330 900 2418 Ἐλαΐτης
927 2330 993 2400 ἀπὸ
1019 2329 1149 2413 Ἐλαίας
1176 2336 1233 2413 τῖς
1253 2330 1373 2417 Ἀσίας,

228 2440 431 2527 φιλόσοφος,
465 2441 649 2518 Διοκλέους
675 2438 764 2524 υίός,
797 2438 939 2526 μουσικὰ
968 2439 1188 2528 γεγραφότος,
1220 2438 1374 2527 μαθητὴς

189 2557 216 2596 ²⁰
229 2552 377 2637 Γοργίου
398 2551 460 2616 τοῦ
485 2553 676 2616 Λεοντίνου.

320 2675 470 2741 XXXIII.
512 2671 737 2759 ’Λλκιμένης
759 2670 936 2759 Μεγαρεὺς
958 2670 1121 2758 τραγικός.

317 2785 386 2847 ἔστι
410 2779 524 2849 δὲκαὶ
549 2781 658 2866 ἕτερος
678 2777 904 2867 Ἀλκιμένης
924 2777 1103 2864 Ἀθηναῖος
1125 2779 1277 2867 κωμικός.

232 2982 440 2989 —-..-——-—.

227 3111 333 3166 comico
352 3110 494 3180 perspexit
513 3110 660 3164 Meimkel
680 3128 706 3179 p.
727 3116 778 3163 244
794 3126 864 3177 ειη,
886 3126 947 3163 cum
968 3110 1086 3165 Alcaeus
1105 3110 1217 3166 fabulae
1232 3113 1370 3183 Κωμῳὸο·

227 3190 535 3340 ἔραιρφδῆριςῙῆὲἰιῆιῆοφο
554 3189 666 3245 habitus
686 3189 730 3243 sit.
760 3188 877 3244 Secutus
897 3191 939 3245 cst
957 3189 1092 3244 Wcsterm.
1122 3189 1162 3244 cf.
1177 3191 1371 3257 Waehsmuth‚

299 3370 375 3424 XXX
393 3369 468 3424 Eue.
488 3388 514 3438 p.
536 3374 586 3424 102
660 3375 672 3423 1
694 3369 778 3423 verbs
796 3371 989 3438 Μυτιληναῖος
1012 3364 1073 3421 εἷτα
1096 3367 1212 3423 seclusis
1235 3369 1369 3424 Westcrm.

228 3449 288 3506 εἶτα
304 3446 450 3521 Ἀθηναῖος
465 3468 518 3506 om.
534 3450 608 3506 Ιέαά.
682 3456 698 3504 2
717 3448 841 3519 πέμπτος
856 3481 888 3488 -
904 3450 1018 3502 Μίκκαν
1038 3465 1090 3503 om.
1106 3448 1181 3502 Eud.
1200 3445 1324 3518 πέμπτος
1342 3449 1370 3503 in

227 3531 430 3588 dubitationem
451 3532 562 3586 vocavit
582 3530 718 3596 Mcinete,
737 3530 813 3584 uncis
833 3527 1048 3597 circumscripsit
1067 3528 1203 3584 Weeterm.

297 3630 387 3683 XXXI
407 3648 460 3684 em.
477 3629 613 3684 Wecterm.
669 3628 831 3696 6Σοφίλου
850 3629 955 3677 Am
974 3626 1106 3693 Σωφίλου
1126 3627 1197 3695 ναῖς.
1252 3616 1288 3694 ῆν
1307 3624 1369 3679 add.

228 3710 311 3764 Πανί)
385 3715 399 3762 7
419 3709 468 3762 καὶ
487 3704 519 3762 ἐκ
539 3705 647 3763 δούλων
666 3740 698 3749 -
720 3705 898 3776 intensissime
917 3722 972 3760 non
995 3707 1031 3760 ad
1048 3705 1223 3760 Alcibiadem
1243 3708 1369 3775 spectare

160 3783 168 3796 ’
227 3790 285 3844 dixi
304 3790 375 3844 Mus.
394 3790 482 3843 Ithen.
502 3789 519 3841 l.
540 3805 562 3841 e.
582 3807 609 3857 p.
628 3794 693 3854 203,
717 3788 752 3842 ad
779 3786 922 3842 Alcmenis
950 3786 1036 3841 vitam
1062 3785 1173 3842 rettulit
1195 3785 1370 3857 Bernhardy,

227 3888 347 3940 quocum
370 3869 508 3924 consentit
531 3869 704 3935 Gutsehmid,
729 3866 777 3935 qui
800 3867 866 3922 inde
885 3868 1026 3922 Alcmenis
1051 3866 1137 3920 vitam
1160 3866 1189 3920 in
1210 3865 1287 3921 fonte
1306 3869 1371 3936 pest

227 3949 381 4004 Alcibiadis
409 3951 510 4003 lectam
538 3965 597 4002 esse
627 3966 788 4019 persuasum
819 3945 942 4002 habebat
967 3947 1077 4016 (merito
1107 3945 1230 4016 neglexit
1259 3947 1369 4000 II'aeIcs·

227 4031 375 4096 methius)·
431 4019 513 4089 οὗτος
528 4060 559 4067 -
576 4031 640 4084 exit.
660 4030 696 4084 ab
715 4027 854 4097 Hesychie
873 4026 965 4082 aliena
981 4045 1040 4082 esse
1060 4026 1158 4081 eedem
1177 4027 1239 4081 lece
1259 4025 1344 4080 statui

231 4106 443 4177 11,1νσάνδρον
457 4112 563 4160 Am
637 4115 667 4161 16
689 4104 874 4180 Φαρναβάζου
893 4107 1013 4162 mutavit
1032 4108 1074 4162 ed.
1088 4111 1146 4160 Bes.

298 4206 401 4261 XXXII
422 4213 455 4260 18
475 4200 602 4272 Ἐλαίτης
620 4200 673 4259 ἀπ’
692 4201 803 4268 Ἐλαίας
822 4206 1000 4261 Οιιεααάοκαε
1018 4206 1055 4258 ad
1068 4205 1170 4259 Athen.
1186 4203 1259 4270 XIII,
1274 4222 1300 4272 p.
1317 4211 1368 4258 592

105 4320 116 4339 0
227 4284 342 4356 Ἐλάτης
359 4280 416 4340 ἀπὸ
433 4279 530 4347 Ἐλέας
544 4287 616 4354 ναῖς.
633 4280 765 4352 Ἐλεάτης
782 4304 834 4339 em.
850 4286 912 4341 edd.
927 4289 996 4341 vett.
1011 4286 1086 4341 Eud.
1115 4285 1155 4340 Os.
1170 4285 1283 4338 'l‘zetzes
1297 4282 1368 4337 Chil.

230 4371 280 4435 XI,
300 4375 359 4423 746.
395 4366 481 4419 Elaea
499 4367 560 4419 erat
578 4366 643 4418 urbs
662 4365 753 4419 Asiae.

300 4455 415 4512 XXXIII
435 4453 563 4509 Meineke
582 4456 639 4524 lp.
659 4462 707 4509 101
728 4474 784 4525 seq.
