3036 5114
246 317 309 383 106
707 320 919 379 HESYCHIUS.

244 482 299 548 καλ
330 478 436 568 άλλην
464 486 584 567 βίβλον
614 481 697 551 κατὰ
724 488 842 551 πασῶν
867 489 936 552 τῶν
962 485 1137 572 αίρέσεων,
1164 473 1205 570 ἧς
1226 483 1392 571 μέμνηται

245 589 281 655 έν
304 590 350 679 τῶ
375 585 616 682 άπολογητικῶ,
640 587 682 658 δν
706 592 870 660 ἐπέδωκεν
890 589 1078 680 Ἀντωνίνφ
1101 594 1145 682 τῷ
1171 596 1254 682 Πίφ.
1291 582 1392 671 οὗτος

244 697 281 762 έν
299 699 340 784 τῇ
353 692 461 785 Ῥῶμη
482 702 566 784 ἔχων
584 696 642 778 τὰς
661 699 843 785 διατριβάς,
869 697 1027 768 εὐθύνων
1047 703 1199 786 Κρίσκην
1218 698 1277 768 τὸν
1296 726 1390 768 κυνι-

243 801 304 870 κὸν
336 800 396 871 τὸν
428 803 511 871 κατὰ
543 809 610 872 τῶν
642 812 843 894 χριστιανῶυ
876 810 1153 894 βλασφημοῦντα,
1190 808 1245 875 καλ
1276 810 1390 875 καλῶν

217 906 350 978 εαῦτον
373 917 559 999 λαίμαργον
583 912 716 983 άσωτόν
738 941 772 982 τε
794 915 849 982 καὶ
872 912 1058 982 ἀκόλαστον
1080 914 1135 981 καὶ
1156 911 1216 983 τδν
1235 914 1389 983 θάνατον

244 1016 472 1105 φοβούμενον,
495 1021 588 1101 τέλος
610 1026 649 1110 τῇ
673 1021 796 1091 τοῦτον
820 1025 967 1112 ἐνεργείᾳ
989 1022 1044 1089 καὶ
1068 1022 1227 1112 ἐπιβουλῇ
1251 1019 1296 1103 ῶς
1319 1049 1389 1110 χρι-

243 1124 379 1206 στιανός
402 1124 485 1210 ὑπὲρ
509 1133 657 1214 Χριστοῦ
680 1135 827 1215 ἔπαθεν]
1064 1187 1067 1192 .

332 1252 529 1321 OOOXOIV.
555 1251 741 1337 [Ἰοῦστος
764 1253 933 1342 Τιβεριεὺς
952 1256 1108 1343 ἐπαρχίας
1126 1259 1316 1340 Γαλιλαίας,
1336 1253 1390 1321 έπ-

243 1366 391 1447 εχείρησε
425 1359 487 1447 μέν
515 1360 570 1427 καί
599 1359 699 1441 αὐτὸς
727 1359 917 1447 Ἰονδαιῒκὴν
946 1365 1097 1445 ίστορίαν
1130 1361 1304 1445 συντάξαι,
1332 1365 1393 1428 καί

204 1496 229 1535 ro
243 1493 319 1535 τινα
338 1464 559 1555 ὑπομνήματα
578 1469 653 1554 περὶ
672 1472 824 1555 γραφῶν·
849 1466 933 1536 ἀλλὰ
951 1471 1073 1536 τοῦτον
1088 1465 1246 1554 Ἰῶσηπος
1264 1469 1389 1554 ἐλέγχει

241 1572 464 1660 ψευσάμενον.
508 1575 564 1642 καὶ
591 1573 654 1662 γὰρ
685 1577 721 1642 έν
750 1577 864 1666 έκείνφ
892 1579 937 1666 τῷ
967 1577 1070 1667 καιρῷ
1095 1577 1307 1664 συνέγραφεν
1330 1572 1386 1643 ὅτε

240 1684 295 1750 καὶ
315 1679 496 1768 Ἰῶσηπος].

330 1809 508 1877 CCCXCV.
559 1806 697 1894 Ἰοφῶν
734 1806 912 1894 Ἀθηναῖος
951 1808 1121 1895 τραγικός,
1157 1807 1232 1889 υίὸς
1272 1817 1464 1897 Σοφο-,υς-

240 1917 357 1996 κλέους
384 1919 445 1984 τοῦ
470 1919 645 2003 τραγικοῦ,
672 1915 810 2003 γνήσιος
838 1913 902 1983 άπὸ
928 1915 1170 2002 Νικοστράτης·
1203 1916 1319 2001 γέγονε
1349 1914 1387 1984 δέ

201 2048 226 2090 15
241 2022 330 2117 αὐτῷ
368 2025 423 2091 καλ
455 2025 562 2104 νόθος
595 2022 668 2104 υίὸς
697 2021 855 2108 Ἀρίστων
890 2020 953 2090 άπὸ
987 2027 1155 2109 Θεωρίδος
1186 2027 1388 2102 Σικυωνίας.

243 2130 394 2219 δράματα
418 2131 455 2199 δὲ
477 2128 598 2218 Ἰοφῶν
622 2133 750 2212 ἐδίδαξε
775 2130 821 2215 ν’,
845 2122 893 2198 ῶν
917 2132 1006 2199 ἐστιν
1023 2128 1200 2218 Ἀχιλλεύς,
1226 2129 1387 2216 Τήλεφος,

238 2237 408 2331 Ἀκταίων,
429 2236 532 2307 Ἰλίου
551 2240 674 2323 πέρσις,
695 2239 896 2326 Δεξαμενός,
919 2237 1044 2324 Βάκχαι
1064 2233 1126 2324 (ἢ)
1142 2236 1307 2321 Πενθεύς,
1330 2236 1387 2304 καὶ

239 2345 326 2416 ῶλλα
350 2345 426 2415 τινὰ
449 2344 529 2434 μετά
551 2352 612 2416 τοῦ
635 2346 759 2435 πατρὸς
782 2348 1005 2432 Σοφοκλέους.

332 2439 769 2559 ΟΟΟΧΟἸΙ...Ἰππαρχία
797 2468 925 2559 άδελφη
951 2472 1188 2557 Μητροκλέους
1210 2474 1271 2537 τοῦ
1294 2496 1386 2538 κυνι-
1418 2475 1422 2481 ’

200 2584 317 2666 sonori,
357 2588 583 2668 Μαρωνείτις,
616 2579 803 2666 φιλόσοφος
835 2580 969 2664 κυνική,
1002 2575 1088 2663 γυνὴ
1122 2576 1294 2664 Κράτητος
1326 2580 1387 2646 τοῦ

240 2691 395 2773 κυνικοῦ,
420 2686 456 2768 δς
479 2679 522 2774 ἦν
546 2694 707 2775 Θηβαῖος,
733 2686 914 2773 Βρύσωνος
937 2683 1089 2773 μαθητὴς
1111 2687 1172 2752 τοῦ
1192 2681 1341 2771 Ἀχαιοῦ,
1365 2681 1386 2773 ἢ
1476 2686 1481 2695 “

240 2795 284 2878 ῶς
298 2823 385 2877 τινες
401 2797 595 2884 Διογένους.
624 2794 766 2884 ἤκμαζεν
786 2795 837 2863 ἐπὶ
856 2798 914 2880 τῆς
935 2791 1004 2881 ρια’
1021 2790 1234 2880 ὀλυμπιάδος.
1263 2796 1387 2879 ἔγραψε
1415 2813 1464 2853 ss.

243 2984 351 2990 ——-—-
359 2984 371 2989 ι-
379 2981 455 2989 ..—

313 3108 464 3165 cccxciv
490 3108 530 3165 cf.
551 3107 648 3177 Steph.
667 3109 732 3178 Byz.
750 3127 776 3163 v.
799 3103 937 3177 Τιβεριάς.
979 3107 1022 3162 Ab
1046 3104 1186 3175 Hesychio
1209 3104 1330 3158 alienam
1357 3106 1387 3159 ai

130 3220 133 3227 ·
240 3191 276 3245 ab
297 3188 383 3244 Suida
406 3206 440 3265 ax
463 3189 597 3258 Sophron.
621 3206 643 3242 c.
665 3195 697 3243 14
721 3189 890 3257 adscriptam
915 3204 974 3242 osse
997 3186 1086 3240 visum
1111 3189 1154 3240 ssi
1172 3186 1292 3252 Ιλολιλὶο,
1314 3184 1385 3239 Mus.

241 3270 329 3325 Rhan.
344 3268 461 3322 XXXIV
479 3287 506 3337 p.
522 3273 573 3322 564
592 3269 681 3322 ασελ
737 3274 770 3322 10
788 3266 853 3336 περὶ
871 3264 993 3336 γράφειν
1012 3267 1088 3335 libri,
1108 3283 1142 3321 ex
1161 3265 1294 3335 Sophron.
1316 3281 1387 3320 corr.

240 3352 380 3405 Kasteras

311 3438 451 3495 CCCXCV
469 3438 544 3494 Εαδ.
559 3458 584 3508 p.
601 3444 659 3492 404.
686 3437 726 3492 cf.
742 3456 766 3491 v.
779 3438 923 3504 Κλεοφῶν.
943 3438 1079 3493 Tractant
1089 3436 1226 3501 welsksr,
1242 3435 1288 3490 Gr.
1299 3434 1384 3505 Trag.

239 3541 266 3592 p.
287 3527 347 3585 975,
366 3520 538 3587 Volkmann,
557 3520 591 3574 de
612 3518 687 3574 Suid.
708 3518 795 3588 biogr.
810 3522 902 3585 (1861)
920 3536 947 3587 p.
964 3524 997 3572 33
1007 3536 1063 3587 seq.
1121 3523 1153 3570 14
1171 3517 1387 3586 τραγῳδοποιοῠ

240 3603 316 3657 an.
336 3602 559 3670 τραγῳδιοποιοῦ
578 3602 649 3669 vulp.
670 3600 803 3668 τραγικοῦ
822 3603 871 3651 AV
943 3593 1000 3652 άπὸ
1021 3602 1087 3654 Νικ,
1105 3629 1135 3637 -
1151 3597 1311 3656 Σικυωνίας
1330 3612 1385 3651 om.

240 3682 315 3735 an.
407 3686 439 3733 15
460 3682 601 3745 Θεωρίδος
619 3699 687 3735 sorr.
707 3680 812 3733 Porson
830 3679 962 3744 δεορίδος
980 3685 1003 3732 V
1021 3674 1197 3746 θεοδάριδος
1214 3678 1285 3746 tuly.
1306 3677 1385 3731 Θεω-

240 3757 368 3828 δῶραςΕ
442 3767 473 3815 16
495 3755 606 3824 ἐδίδαξε
627 3757 756 3827 δράματα
776 3763 833 3811 Alo.
854 3758 928 3810 Eud.
949 3753 1098 3827 γράμματα
1112 3760 1188 3808 ABV
1254 3760 1286 3809 17
1303 3751 1386 3810 Ἰλίου

240 3839 336 3907 κέρως
355 3857 423 3894 corr.
443 3840 475 3893 Κ
475 3846 592 3905 reseras,
610 3836 692 3901 ’λλιος
716 3835 749 3893 οὗ
768 3840 865 3905 περσίς
882 3842 957 3890 BVE
976 3838 1059 3905 λλιος,
1082 3837 1178 3902 περσίς
1197 3839 1219 3888 A
1238 3836 1285 3889 rel.
1307 3835 1384 3890 Eud.

239 3915 256 3989 ἢ
277 3924 342 3992 post
361 3916 469 3987 Βάκχαι
485 3920 548 3974 add.
563 3919 735 3974 Valckenoer.
755 3919 835 3973 distr.
852 3917 915 3971 Eur.
930 3936 956 3986 p.
970 3925 1001 3972 16
1018 3935 1071 3972 om.
1090 3916 1156 3970 libri
1170 3916 1249 3969 Suis.
1265 3916 1295 3968 ei
1307 3914 1385 3970 Eud.

242 4008 274 4057 18
294 3997 363 4069 μετά
383 4002 433 4054 τοῦ
451 4017 520 4055 corr.
538 4002 645 4055 Porson
659 4000 686 4053 in
702 3998 784 4054 Arist.
802 4018 828 4068 p.
845 4003 878 4051 58
896 3995 959 4051 τινὰ
978 3997 1027 4051 καλ
1041 3993 1075 4050 τά
1090 3996 1141 4049 τοῦ
1157 3994 1290 4060 Gaissord
1308 3990 1382 4049 κατά

240 4082 290 4136 τοῦ
309 4083 410 4131 ΗΒΕ
435 4076 517 4147 (κατὰ
543 4085 572 4133 et
594 4075 663 4145 μετὰ
689 4080 799 4148 saepius
818 4078 920 4134 mutari
944 4078 1065 4145 constat)
1089 4076 1139 4131 τοῦ
1163 4075 1235 4143 υαλμ.
1260 4073 1309 4127 τοῦ
1329 4090 1384 4127 om.

240 4156 447 4232 praepositione
467 4156 552 4211 eiiam
571 4158 646 4212 End.
1154 4176 1157 4181 ·

312 4244 465 4303 CCCXOVI
484 4262 537 4298 om.
554 4246 689 4301 Werterm.
706 4247 780 4302 Eud.
796 4266 821 4316 p.
838 4252 896 4303 397.
931 4245 971 4300 Cf.
987 4244 1067 4313 Diog.
1084 4242 1144 4310 VII,
1155 4249 1189 4298 96
1240 4249 1274 4297 20
1292 4239 1385 4311 Στρά-

242 4333 355 4400 τητοςΒ
371 4331 428 4380 Ali.
444 4325 517 4379 Eas.
573 4332 606 4380 21
620 4322 766 4395 Ἀθηναῖος
784 4345 836 4397 pro
852 4329 975 4397 Θηβαῖος
992 4327 1064 4393 vulp.
1076 4323 1150 4377 Eoo.
1171 4321 1319 4386 Βρύσωνος
1336 4329 1384 4377 ΒΕ

242 4418 275 4466 22
290 4408 414 4480 ἤκμαζεν
431 4437 463 4447 -
480 4403 545 4460 exit.
560 4422 614 4461 oni.
625 4406 710 4473 an,
727 4403 791 4477 ἤκμ.
807 4437 841 4446 -
856 4401 955 4476 ὄλυμπ.
971 4423 1005 4460 ex
1019 4405 1073 4459 fine
1087 4403 1136 4458 vit.
1157 4403 1210 4458 huo
1224 4403 1385 4473 transposui

242 4488 368 4562 ἤκμασεν
387 4489 458 4561 vulp.
478 4482 603 4558 ἤκμαζεν
621 4490 695 4539 ΔΒΕ
