3036 5114
200 303 264 368 238
662 307 875 367 HESYCHIUS.

199 464 235 532 δὲ
266 462 527 553 Ἁλικαρνασσέα
562 471 743 555 ἱστοροῦσι.
789 471 946 556 γενέσθαι
981 470 1018 538 δέ
1055 468 1138 539 κατὰ
1165 471 1367 543 Πανύασιν
1389 494 1439 527 ’ων-

197 585 268 651 τοῑς
290 571 440 660 χρόνοις,
464 573 515 641 ἐπὶ
540 573 576 642 δὲ
599 578 667 642 τῶν
687 579 864 665 Περσικῶν
893 574 1074 663 ὀλυμπιάδι
1099 577 1148 646 οε’
1166 586 1364 650 νεανίσκον
1393 600 1416 637 '2'

198 676 262 765 ήδη
287 677 382 747 εἷναι.
426 680 551 750 δοῦλόν
574 707 608 749 τε
632 688 767 771 Σαμίου
789 681 881 763 τινός
904 680 1008 751 αὐτὸν
1031 687 1207 772 γενέσθαι,
1232 686 1360 776 εὐειδῆ

200 784 291 854 πάνυ
313 784 375 874 τήν
396 784 503 874 όόραν,
526 778 648 875 φυγεῖν
671 814 704 856 τε
724 790 760 856 ἐκ
774 788 911 877 Σάμου,
934 791 989 856 καὶ
1003 788 1173 883 Ἡροδότῳ
1192 797 1239 886 τῷ
1261 799 1360 864 ίστο-

175 898 283 985 ῡρικῷ
307 895 579 982 παρεδρεόσαντα
602 895 713 982 λόγων
737 899 939 983 ἐρασθῆναι,
972 889 1013 966 οὗ
1040 926 1131 978 τινος
1159 899 1267 970 αὐτόν
1298 905 1359 973 καί

12 1028 23 1039 ·’
80 1004 89 1011 ”
199 1000 335 1070 παιδικά
363 1004 538 1089 γεγονέναι
557 1009 671 1090 φασίν.
716 1006 894 1071 ἐπιθέσθαι
915 1003 952 1072 δὲ
975 1011 1130 1096 ποιητικῇ
1157 1008 1213 1074 καλ
1239 1017 1359 1079 τελευ-

117 1134 124 1143 ’
197 1113 294 1196 τήσαι
323 1112 359 1176 ἐν
384 1115 581 1200 Μακεδονίᾳ
604 1108 692 1197 παρά
718 1108 881 1203 Ἀρχελάῳ
909 1116 954 1205 τῷ
982 1112 1057 1181 τότε
1080 1113 1183 1202 αὐτῆς
1205 1121 1354 1202 βασιλεῖ.

198 1221 320 1304 ἔγραψε
344 1217 381 1284 δέ
403 1221 523 1284 ταῦτα·
553 1215 615 1303 τήν
642 1215 834 1304 Ἀθηναίων
861 1225 959 1305 νίκην
990 1219 1072 1288 κατά
1101 1224 1243 1310 Ξέρξου,
1276 1223 1351 1315 Ιέφ’

199 1315 239 1391 οὗ
261 1322 445 1411 ποιήματος
466 1323 548 1393 κατά
572 1331 685 1413 στίχον
711 1330 855 1413 στατῆρα
883 1330 1032 1413 χρυσοῦν
1060 1328 1169 1419 έλαβεΙ
1197 1331 1254 1397 καὶ
1280 1331 1351 1400 σὺν

159 1455 183 1491 1⁰
198 1445 268 1510 τοϊς
281 1428 427 1520 Ὁμήρου
445 1433 735 1519 ἀναγινώσκεσθαι
756 1435 944 1520 ἐψηφίσθη,
964 1433 1159 1525 ΙΛαμιακάΙ.
1182 1437 1238 1504 καὶ
1256 1435 1349 1507 ἀλλα

197 1536 272 1606 τινὰ
294 1540 462 1626 ποιήματα
485 1539 591 1609 αὐτοῦ
614 1543 757 1627 φέρεται.

285 1646 543 1713 DCOOLXXVI.
586 1650 866 1735 Χριστόδωρος
892 1645 1084 1734 Πανίσκου,
1113 1647 1176 1719 ἀπὸ
1205 1658 1350 1722 Κοπτοῦ

195 1751 322 1834 πόλεως
348 1757 407 1841 της
430 1753 620 1838 Αἰγύπτου,
649 1754 818 1839 ἐποποιός,
847 1753 988 1842 ήκμαζεν
1017 1757 1068 1824 ἐπὶ
1096 1761 1164 1826 τῶν
1189 1753 1349 1828 Ἀναστα-
1368 1798 1425 1843 ιω,

197 1865 274 1928 σίου
297 1865 358 1929 τοῦ
382 1862 544 1948 βασιλέως
563 1860 704 1950 χρόνων.
743 1867 887 1948 ἔγραψεν
906 1862 1072 1951 Ἰσαυρικά
1097 1868 1133 1933 έν
1151 1870 1298 1952 βιβλίοις
1313 1869 1347 1947 ς’

157 1989 180 2029 1⁵
195 1968 276 2057 (ἔχει
301 1968 338 2037 δέ
360 1968 421 2057 τήν
442 1966 608 2059 Ἰσαυρίας
627 1968 753 2038 ἀλωσιν
777 1969 838 2057 τήν
856 1968 922 2039 ὑπὸ
939 1969 1157 2041 Ἀναστασίου
1171 1977 1233 2042 τοῦ
1252 1979 1346 2060 βασι·

194 2076 276 2155 λέως
293 2079 508 2165 γενομένην),
532 2076 653 2165 πάτρια
675 2077 1066 2159 Κωνσταντινουπόλεως
1088 2082 1205 2160 έπικῶς
1227 2087 1346 2167 βιβλία

195 2181 254 2269 ιβ’,
277 2183 398 2273 πάτρια
422 2191 666 2271 Θεσσαλονίκης
690 2188 809 2265 έπικῶς
831 2189 943 2270 βιβλία
966 2185 1027 2267 κε’,
1057 2185 1178 2273 πάτρια
1202 2186 1343 2275 Νάκλης

195 2292 278 2377 (ἔστι
303 2293 340 2360 δὲ
362 2292 458 2371 πόλις
475 2292 549 2378 περλ
567 2289 802 2375 Ἡλιούπολιν,
827 2293 863 2359 ἐν
881 2284 902 2380 ή
922 2290 961 2359 τά
980 2293 1169 2380 καλούμενα
1183 2292 1344 2383 Ἀφακα),

193 2397 315 2483 πάτρια
330 2399 486 2486 Μιλήτου
498 2403 557 2486 τῆς
573 2394 715 2481 Ἰωνίας,
734 2396 856 2486 πάτρια
875 2399 1061 2486 Τράλλεων,
1085 2400 1206 2486 πάτρια
1223 2399 1344 2489 Ἀφρο-

153 2503 360 2592 ιοδισιάδος,
396 2511 559 2596 ἕκφρασιν
591 2510 658 2575 τιόν
695 2507 732 2573 έν
766 2508 811 2597 τῷ
848 2508 1020 2597 Ζευξίππῳ
1055 2505 1254 2593 ἀγαλμάτων
1286 2509 1344 2577 καὶ

197 2610 281 2681 ἀλλα
304 2614 419 2683 πολλά.

284 2713 557 2781 DCCOLXXVII.
599 2708 880 2799 Χριστόδωρος
916 2717 1076 2797 Θηβαῖος,
1110 2709 1343 2801 Ἰλλοόστριος.

199 2822 257 2829 -——
278 2825 294 2828 .-
301 2824 398 2831 —.-—-

192 2903 219 2953 p.
236 2890 286 2940 261)
348 2891 380 2937 19
400 2879 471 2938 κατά
492 2881 523 2938 δέ
543 2902 621 2944 τινας
639 2875 775 2950 Ἰασεόςῆ
794 2876 892 2948 (Ἴσιός
912 2877 929 2951 ἡ
948 2882 1020 2950 cod.)
1038 2878 1083 2935 ’AL
1099 2880 1198 2951 γέγονε
1217 2881 1249 2937 δὲ
1267 2883 1341 2938 κατὰ

195 2960 344 3019 Πανόασιν
363 2971 421 3027 τοῖς
439 2961 550 3034 χρόνοις
569 2962 644 3016 Emi.
669 2977 788 3030 pergens
812 2957 918 3029 ἔγραψε
943 2960 975 3016 δὲ
1001 2957 1148 3024 ἐπιστολάς
1169 2960 1274 3026 πολλάς
1293 2965 1342 3019 καὶ

195 3041 392 3114 ἐπιγράμματα
411 3045 460 3098 καὶ
474 3043 632 3113 κωμῳδίας,
650 3058 720 3108 quse
740 3042 776 3095 sd
792 3044 890 3110 postas
905 3041 1114 3097 christodorum
1130 3047 1159 3096 et
1174 3043 1341 3099 Chionidam

194 3128 320 3192 spectare
334 3124 392 3177 dixi
410 3124 438 3177 in
454 3139 550 3191 appar.
562 3120 635 3175 Eud.
648 3120 665 3176 l.
679 3139 701 3176 ο.
757 3127 773 3174 3
793 3122 909 3175 δοῦλονι
930 3121 1118 3189 messmam,
1137 3121 1231 3192 Symb.
1245 3142 1271 3193 p.
1291 3132 1338 3178 141

194 3199 453 3274 ὅπαρεδρεόσαντι
471 3207 526 3255 H
610 3207 626 3255 8
646 3201 817 3272 Compilavit
835 3201 1028 3256 Pseudo-Hes.
1049 3219 1071 3257 ο.
1088 3207 1120 3256 ’Π
1203 3208 1235 3256 10
1255 3223 1340 3257 κατα·

193 3282 385 3353 γινώσκεσθαι
404 3289 424 3336 B
496 3277 629 3353 Λαμιαιιά
652 3283 687 3336 οδ
707 3282 812 3336 bellum
831 3282 994 3336 Lamiacum
1018 3284 1048 3336 et
1067 3283 1205 3337 Iasensem
1228 3284 1341 3339 rettulit

193 3366 286 3421 Naeke
304 3384 331 3436 p.
350 3372 397 3420 101
419 3361 553 3436 Σαμιακά
573 3363 698 3434 praefert
718 3362 801 3417 Βοιώ

265 3446 471 3503 ΒΟΟΟΙιΧΧνΙ
490 3447 565 3502 Eud.
585 3465 611 3517 p.
628 3451 686 3501 741.
725 3443 841 3498 Tractat
858 3443 961 3497 Msller
979 3444 1017 3498 IV
1036 3464 1062 3514 p.
1079 3450 1139 3498 360.
1175 3443 1215 3498 cf.
1236 3443 1338 3499 Suidss
1392 3513 1396 3518 Ι

104 3527 109 3549 ’
194 3545 218 3581 v.
236 3524 400 3593 Ζεύξιππος.
436 3521 479 3582 ότι
493 3521 687 3595 Χριστόδωρος
703 3519 836 3586 έποποιὸς
852 3521 976 3593 ἔγραψεν
991 3519 1149 3591 Ἐκφραοιν
1168 3518 1339 3593 ἀγαλμάτων

193 3609 244 3662 τοῦ
264 3608 431 3673 Ζευξίππον.
468 3606 510 3662 De
534 3608 691 3661 statuarum
715 3603 843 3673 ecphrssi
865 3622 890 3659 v.
911 3603 1019 3674 Lange,
1039 3604 1107 3658 Mus.
1127 3604 1214 3658 Rhen.
1234 3603 1339 3659 XXXV

193 3706 219 3757 p.
237 3694 287 3742 110
302 3706 359 3758 seq.
412 3694 444 3740 16
464 3691 530 3756 post
543 3685 697 3757 γενομένην
713 3686 776 3742 add.
791 3685 866 3739 Eud.
889 3679 1107 3753 ἐπιγραμμάτων
1123 3685 1214 3757 βιβλία
1225 3681 1263 3753 γ’,
1279 3679 1339 3740 έπι·

194 3769 298 3823 στολῶν
313 3765 352 3835 δ’,
372 3785 488 3835 quorum
503 3770 623 3821 alterum
643 3786 675 3822 ex
690 3765 861 3834 Anthologis
877 3764 1019 3819 Planudes
1038 3764 1199 3833 sumpsisse,
1218 3764 1339 3819 alterum

195 3865 256 3903 eam
275 3848 387 3904 omnino
411 3847 522 3901 finxisse
547 3847 679 3901 odoratur
699 3847 784 3899 Ρκλιλι
803 3864 829 3914 p.
846 3850 893 3911 90;
919 3844 1013 3913 pergit
1029 3845 1104 3899 Eud.
1126 3843 1264 3912 έκφραοιν
1283 3845 1340 3899 τῶν

194 3925 225 3984 έν
244 3930 281 4000 τῷ
298 3930 444 3999 Ζευξίππην
460 3945 517 3996 seq.
546 3926 601 3980 Sed
616 3925 822 3995 epigrammata
836 3923 1045 3979 Christodorum
1060 3924 1203 3994 scripsisse
1218 3924 1338 3979 constat

194 4009 233 4067 01,
252 4009 367 4075 Jacobs,
386 4010 472 4064 Anth.
486 4008 524 4062 XI
543 4026 570 4077 p.
587 4012 644 4062 198.
674 4006 803 4061 Ceterum
818 4006 953 4059 Thebano
973 4003 1119 4073 ecphrasin
1139 4004 1189 4057 dab
1206 4002 1338 4058 librarius

194 4089 253 4146 cod.
274 4089 386 4144 Anthol.
407 4091 481 4159 apud
499 4089 610 4144 Jacobs.
631 4086 669 4141 vl
692 4105 718 4156 p.
734 4086 821 4139 LXV:
845 4082 1041 4155 Χρισιοδάρον
1065 4084 1183 4152 ποιητοῦ
1208 4086 1338 4154 Θηβαίου

195 4168 331 4239 ἔκφρασις
349 4169 404 4223 τῶν
422 4164 591 4238 ἀγαλμάτων
606 4169 661 4222 τῶν
681 4167 721 4229 είς
740 4163 771 4219 τό
790 4163 926 4235 δημόσιον
946 4161 1101 4234 γυμνάσιον
1120 4164 1170 4218 τοῦ
1187 4159 1337 4219 ἐπικαλου-

194 4252 281 4322 μένου
297 4251 464 4316 Ζενείππον.
494 4247 534 4303 cf.
550 4248 652 4303 Jacobs
666 4247 729 4302 Xlll
745 4265 771 4315 p.
787 4238 837 4301 1111
895 4242 998 4306 ίπικῶς
1018 4248 1138 4298 exABE
1157 4244 1219 4300 add.
1235 4244 1339 4299 Kaste-

193 4351 243 4397 ται
302 4340 335 4387 18
349 4328 456 4402 Ἀφαιια
471 4335 518 4383 AB
534 4325 655 4396 Ιιλλφαιια
669 4330 741 4396 ναῖς.
756 4328 831 4381 Ειιά.
891 4334 925 4382 20
945 4323 976 4381 ἐν
991 4325 1028 4395 τῷ
1042 4326 1186 4395 γυμνασίῳ
1202 4325 1252 4378 τοῦ
1267 4329 1338 4380 Ζευ-

194 4416 297 4480 ξίππον
312 4415 449 4469 Kusterus
461 4412 516 4467 τῶν
532 4406 563 4464 έν
578 4410 614 4482 τῷ
632 4410 791 4474 Ζευξίπποο
806 4408 890 4463 Daub
944 4407 993 4461 καὶ
1007 4401 1077 4458 ἀλλα
1092 4400 1178 4458 πολλά
1194 4420 1248 4459 om.
1259 4403 1340 4468 Eud,

265 4493 485 4550 DCCCLXXVII
505 4494 580 4547 Ειιά.
600 4491 618 4546 l.
639 4507 661 4545 ο.
700 4489 739 4544 [λυ
760 4489 863 4543 Illustri
881 4487 966 4542 titulo
985 4487 1019 4542 cf.
1039 4505 1065 4542 v.
1087 4481 1248 4555 Προκόπιος
