3036 5114
240 307 283 371 50
704 306 918 365 HESYCHIUS.

328 467 438 536 CXCI.
475 469 677 555 Διαγόρας
708 474 927 556 Τηλεκλείδου
954 465 975 557 ή
1008 469 1217 557 Τηλεκλύτου
1244 468 1388 557 Μήλιος,

239 574 427 662 φιλόσοφος
446 575 501 642 καὶ
520 572 678 666 ᾀσμάτων
696 575 845 664 ποιητής,
865 574 905 644 δν
924 575 1033 664 εὐφυᾶ
1047 577 1258 665 θεασόμενος
1273 577 1389 664 Δημό-

239 708 350 771 κριτος
383 680 400 751 ό
431 679 623 772 Ἀβδηρίτης
656 682 809 771 ὠνήσατο
843 682 947 754 αὐτὸν
982 688 1109 753 δοῦλον
1142 683 1225 752 όντα
1256 689 1389 771 μυρίων

242 793 416 878 δραχμῶν,
444 793 499 858 καὶ
527 791 684 878 μαθητήν
712 791 899 878 ἐποιήσατο.
946 790 964 860 ό
989 792 1027 860 δὲ
1049 793 1104 859 καί
1127 795 1167 880 τή
1190 794 1308 881 λυρική
1333 793 1388 859 ἐκ·

213 899 353 982 ιε’θετο,
392 912 461 977 τοῖς
496 897 631 986 χρόνοις
667 893 715 967 ὧν
751 896 833 966 κατὰ
867 902 1044 986 Πίνδαρον
1076 899 1131 966 καὶ
1163 886 1390 986 Βακχυλίδην,
1418 911 1471 947 ¹²⁰³·

240 1009 500 1072 Μελανιππίδον
523 1004 560 1071 δέ
583 1003 818 1091 πρεσβύτερος·
842 1003 962 1092 ήκμαζε
981 1009 1098 1073 τοίνυν
1123 1004 1177 1091 οη’
1198 1002 1389 1091 ὀλυμπιάδι.
1424 1018 1470 1061 ὀἳ

239 1110 596 1202 ἐτ-τεκλήβηδξιόδεος,
617 1111 704 1180 διότι
718 1115 816 1179 τοῦτο
833 1111 985 1194 ἐδόξαζεν
999 1109 1057 1198 ἀφ’
1077 1102 1118 1179 οὐ
1132 1138 1182 1192 τις
1196 1108 1389 1199 ὁμότεχνος,

238 1219 402 1299 αἰτιαθεὶς
432 1216 487 1287 ὑπ’
526 1216 645 1303 αὐτοῦ,
677 1215 722 1298 ὦς
754 1215 796 1303 δὴ
829 1222 955 1285 παιᾶνα
982 1215 1191 1306 ἀφελόμενος
1216 1213 1258 1285 δν
1287 1216 1391 1298 αὐτὸς

238 1324 435 1412 ἐπεποιήκει,
456 1323 643 1412 ἐξωμόσατο
664 1323 707 1411 μή
722 1326 921 1410 κεκλοφέναι
939 1328 1071 1410 τοῦτον,
1091 1322 1216 1413 ’μικρὸν
1236 1323 1273 1392 δέ
1294 1322 1389 1393 ὕστε-

200 1452 224 1492 1⁰
238 1460 301 1521 ρον
331 1432 577 1520 ἐπιδειξόμενος
603 1428 705 1499 αὐτὸν
732 1429 944 1519 εὐημέρησεν.
990 1432 1150 1499 ἐντεῦθεν
1174 1422 1238 1500 οὖν
1262 1427 1279 1499 ό
1305 1440 1389 1500 Δια-

237 1538 341 1626 γόρας
377 1538 538 1625 λυπηθεὶς
576 1542 698 1624 ἐγραψε
729 1535 809 1617 τούς
840 1540 1070 1625 καλουμένους
1100 1536 1390 1627 ότοαυργιζοντας

171 1731 173 1735 ¹
237 1646 374 1733 λόγους,
406 1643 621 1732 ἀναχώρησιν
657 1640 761 1713 αὐτοῦ
788 1646 842 1712 καὶ
872 1650 1034 1713 ἔκπτωσιν
1062 1650 1199 1733 ἔχοντας
1224 1650 1283 1734 τῆς
1311 1646 1388 1733 ιιερλ

235 1750 274 1822 τὸ
297 1763 395 1822 θεῖον
419 1753 526 1839 δόξης.
553 1751 753 1838 κατοικήσας
777 1750 813 1819 δὲ
834 1753 1012 1840 Κόρινθον
1032 1749 1050 1821 ό
1072 1752 1243 1842 Διαγόρας
1261 1752 1387 1822 αὐτόθι

235 1859 297 1928 τὸν
319 1866 397 1948 βίον
415 1864 643 1944 κατέστρεψεν.

197 1987 223 2028 1⁶
327 1969 451 2036 CXCII.
489 1970 668 2053 Δίδυμος
687 1961 814 2053 ’Δτήιος
839 1961 872 2052 [ἢ
887 1963 1031 2051 Ἄττιος]
1055 1973 1267 2054 χρηματίσας,
1290 1966 1387 2053 φιλό-

236 2094 343 2163 σοφος
373 2072 622 2162 Ἀκαδημαϊκός.
672 2078 829 2142 πιθανῶν
864 2075 919 2141 καὶ
954 2074 1173 2162 σοφισμάτων
1205 2073 1317 2154 λύσεις
1347 2077 1388 2142 ἐν

235 2186 380 2269 βιβλίοις
402 2182 443 2269 β’,
466 2182 520 2251 καλ
545 2182 629 2251 ἄλλα
652 2181 768 2250 πολλά.

325 2291 470 2357 CXCIII.
509 2293 690 2376 Δίδυμος
713 2286 871 2375 Διδύμον
893 2288 1138 2377 ταριχοπώλου,
1161 2287 1388 2377 γραμματικὸς

233 2394 494 2484 Ἀριστόρχειος,
519 2393 762 2481 Ἀλεξανδρεύς,
786 2393 932 2480 γεγονὼς
953 2394 1266 2464 ἐπλἎντωνίουκαλ
1289 2398 1386 2465 Κικέ-
1405 2434 1463 2469 τοι,
1485 2460 1488 2465 .

196 2526 223 2566 ιο
236 2530 345 2590 ρωνος
367 2504 422 2571 καλ
442 2507 503 2584 ἕως
517 2500 731 2590 Αὐγούστου,
757 2505 982 2589 Χαλκέντερος
999 2504 1136 2590 κληθεὶς
1149 2502 1212 2571 διὰ
1233 2502 1295 2590 τήν
1309 2503 1386 2591 περὶ

235 2608 276 2680 τὰ
293 2617 408 2699 βιβλία
427 2609 599 2698 ἐπιμονήν.
636 2610 718 2698 φασί
737 2606 800 2695 γὰρ
824 2606 929 2677 αὐτὸν
948 2613 1216 2699 συγγεγραφέναι
1237 2608 1321 2699 ὑπὲρ
1343 2608 1385 2678 τὰ

155 2760 163 2775 e
235 2725 400 2807 τρισχίλια
423 2719 478 2787 καὶ
502 2715 704 2786 πεντακόσια
727 2721 849 2802 βιβλία.

308 2949 390 3006 CXCI
409 2951 449 3006 Cf.
470 2950 564 3020 Sieph.
584 2949 647 3017 Byz.
667 2966 693 3001 v.
710 2946 808 3014 Μήλος
881 2953 894 3000 1
916 2943 1053 3016 Μιλήσιος
1066 2953 1201 3002 Anm
1215 2965 1284 3004 corr.
1300 2949 1382 3005 (ἐσιε-

235 3033 300 3100 Ῑονιί
336 3028 470 3100 σοφιστής
489 3024 505 3099 ἢ
526 3033 584 3099 φιλ.
602 3034 623 3081 E
644 3026 738 3082 καλ-
755 3023 873 3095 ποιητής
891 3043 945 3082 om.
964 3033 987 3080 V
1042 3023 1383 3086 2δν-ειί1.θῐΙιίλ)ελ

236 3112 473 3181 Ροειαίο-Ηιεγολι.
492 3129 515 3166 ο.
525 3116 581 3176 41,
602 3110 700 3165 eadem
718 3109 834 3163 fortasse
854 3107 939 3161 verba
958 3107 1096 3176 Hesychio
1114 3109 1386 3166 adiudicandum

237 3198 252 3246 ³
273 3191 387 3246 δοῦλονι
411 3188 599 3253 Wachsmidh,
619 3186 712 3256 Symb.
733 3206 759 3256 p.
781 3193 830 3241 141
904 3194 920 3241 ο
939 3183 1011 3241 κατὰ
1031 3205 1100 3245 corr.
1119 3191 1257 3246 Kuctcrue
1275 3186 1346 3261 μετὰ
1359 3194 1383 3242 A

236 3273 308 3341 υκΙμ.
327 3271 506 3341 Βοιαίιοιόγ;
531 3269 564 3325 cf.
590 3267 714 3335 clint0n‚
733 3285 760 3337 p.
780 3274 812 3321 41
834 3267 880 3322 Kr.
967 3273 1220 3325 6Μελανιιτιιίδον
1242 3301 1274 3310 -
1300 3264 1384 3339 ὄλυμ-

236 3347 318 3405 αιάδι
338 3369 391 3406 om.
407 3351 474 3405 veti.
491 3348 553 3405 edd.
574 3350 602 3402 ei
615 3352 689 3400 BEV
704 3365 737 3401 cx
751 3350 773 3398 A
792 3347 856 3400 add.
871 3348 1021 3417 Kusterue,
1040 3351 1172 3420 leguntur
1186 3349 1216 3403 in
1228 3355 1290 3402 Vct.
1305 3354 1384 3400 Peu-

237 3449 299 3500 ιοο,
319 3432 366 3487 sed
385 3431 452 3486 inA
471 3427 593 3484 dilucide
612 3426 744 3495 scriptum
765 3441 825 3480 esse
842 3430 1059 3497 Μελανιππίδης
1078 3430 1152 3483 recte
1171 3428 1282 3482 monuit
1302 3425 1384 3481 Gais-

235 3513 299 3580 sord
385 3519 400 3567 ’λ
421 3507 451 3573 ὃς
472 3506 564 3564 ἐκεκλ.
583 3512 605 3559 V
625 3504 674 3560 καλ
694 3500 786 3560 ἐκεκλ.
806 3510 830 3567 A
914 3502 987 3561 διότι
1008 3539 1038 3546 -
1059 3509 1210 3575 λυπηθείς,
1234 3509 1264 3560 et
1281 3510 1382 3561 καλου-

236 3589 339 3660 μένους
358 3594 386 3645 et
408 3586 586 3660 ἀναχώρησιν
604 3581 693 3641 αὐτοῦ
719 3601 771 3639 om.
791 3588 863 3656 υαλη.
883 3591 954 3640 exA
972 3590 1002 3642 ei
1020 3593 1081 3640 Vct.
1099 3591 1219 3640 remon.
1238 3587 1382 3643 revocavit

236 3671 385 3735 Καείενιιας
409 3671 506 3724 eedem
525 3670 610 3725 etiam
630 3667 874 3738 Pseudo-Ilecych.
894 3668 1023 3737 praebet,
1049 3667 1098 3737 qui
1117 3685 1170 3722 cm.
1190 3666 1383 3738 καλουμένους

236 3750 265 3803 ολ
283 3745 461 3818 ἀναχώρησιν
480 3744 569 3805 αὐτοῦ
639 3755 670 3801 12
691 3745 823 3813 ἐκκτνξιν
842 3765 909 3802 corr.
930 3749 1151 3804 Ηειαελεαίιιιείκε
1214 3755 1247 3803 ’λδ
1266 3743 1282 3803 ό
1298 3754 1381 3818 Διαγ.

236 3828 310 3882 solus
329 3833 365 3895 A,
384 3830 552 3897 dividetur,
572 3824 587 3881 d
608 3845 661 3882 om.
681 3829 730 3883 rel.
803 3833 837 3880 14
855 3826 1009 3897 κατέτριψε
1029 3834 1051 3881 V
1070 3828 1260 3897 κατέστρεφεν
1279 3832 1301 3880 Δ

307 3907 402 3963 CXCII
422 3911 497 3964 Eud.
521 3928 548 3979 p.
568 3914 634 3977 234,
659 3926 728 3977 quae
751 3907 851 3976 incipit
870 3910 932 3962 Διδ.
954 3903 1070 3976 Ἀτήιος,
1093 3911 1149 3976 φιλ.
1172 3903 1261 3962 ’λκαδ
1284 3925 1338 3963 cm.
1363 3903 1381 3978 ἢ

230 3984 339 4050 Ἄττιος.
374 3989 414 4045 cf.
435 3991 544 4044 Untere.
565 4007 592 4058 p.
607 3994 655 4055 cl,
675 3987 765 4055 Diels,
784 3986 905 4058 Doxogr.
924 4007 951 4057 p.
971 3993 1080 4055 86οεη,
1100 3987 1147 4055 qui
1165 3990 1230 4057 poci
1248 3989 1382 4042 πιθανῶν

235 4087 381 4124 numerum
400 4069 534 4125 excidisse
549 4071 631 4139 putat
692 4076 723 4123 16
741 4066 845 4137 Ἀρειος
863 4085 914 4137 pro
927 4064 1029 4129 Ἄττιος
1043 4084 1076 4121 ex
1090 4067 1191 4123 Ειιειό.
1206 4087 1248 4138 pr.
1264 4086 1306 4124 ev.
1321 4068 1381 4138 XV,

238 4156 270 4204 15
290 4150 360 4205 coni.
376 4150 495 4216 Ιοαοὶοε,
515 4150 579 4205 hist„
595 4167 645 4205 scr.
660 4150 707 4220 ph.
722 4148 775 4216 ΙΙΙ,
791 4154 804 4201 1
825 4147 954 4202 laudatus
968 4146 1096 4202 Recedo
1110 4149 1203 4210 Αἴνιος
1221 4148 1265 4202 τε]
1282 4141 1381 4211 Ἀέτιος

238 4231 374 4300 Τοκγίαε,
394 4224 526 4300 ἢἌττιος
546 4234 731 4284 correcturam
749 4227 862 4283 lectoris
876 4245 935 4283 esee
949 4227 1022 4281 vidit
1039 4228 1206 4296 Bernhardy
1263 4233 1295 4281 16
1314 4228 1380 4297 περὶ

235 4312 368 4366 πιθανῶν
386 4311 432 4365 vel
450 4307 562 4364 αιδανό
582 4311 667 4365 Daub

307 4390 417 4446 CXCIII
435 4389 511 4444 Eud.
525 4407 551 4458 p.
567 4395 619 4444 230
676 4394 708 4443 19
725 4383 886 4443 Ἀντωνίνου
901 4389 972 4456 vulp.
988 4402 1057 4442 corr.
1072 4386 1209 4440 Kuctenc
1255 4392 1289 4441 20
1305 4391 1379 4442 Χαλ-

236 4470 366 4541 κέντερος
385 4487 444 4541 seq.
463 4468 613 4540 descripsit
631 4469 875 4541 Pseudo-Hoeych.
897 4485 919 4523 ο.
939 4475 973 4523 21
1045 4473 1079 4522 22
1099 4464 1148 4520 καλ
1166 4483 1221 4522 om.
1240 4472 1264 4520 A
