3036 5114
616 307 902 364 rnouuoonum.
1266 305 1327 359 xxi
1389 270 1396 284 '

187 475 314 540 tilatam
343 480 452 539 extare
484 473 600 538 docent
623 473 665 557 gl.
692 466 948 556 Ἀλκιβιάδης),
977 467 1203 554 Δημοσθένης
1231 464 1329 552 Ἀβδ,

186 583 396 666 Μίμνερμος,
425 581 561 656 Παῦλος
591 581 664 663 Αίη.
693 578 747 662 al,
776 579 904 663 saepius
932 580 1039 662 ipsum
1068 575 1201 643 Suidam
1225 577 1328 662 Hesy-

186 688 321 754 chianae
354 689 485 753 tabulae
518 688 589 751 loco
622 709 660 750 ex
688 709 746 751 suo
777 686 906 771 ingenio
931 686 972 749 ab
1000 685 1059 748 illa
1093 685 1253 750 diversam
1281 685 1329 749 in·

184 795 319 861 trusisse
335 797 377 881 gl.
390 790 633 878 Ἀριστοφάνης
651 817 731 876 κωμ.
747 797 779 856 et
794 794 930 858 fortasse
944 787 1171 876 Ἱπποκράτης,
1187 793 1328 877 saepius-

183 925 243 987 que
267 904 415 969 omisisse
439 903 571 968 verbum
590 901 757 968 doctrinae
784 922 885 986 genus
908 900 1068 983 indicans,
1092 899 1188 984 quale
1207 900 1329 984 ίοτορι-

181 1008 248 1093 κός,
264 1006 378 1096 ιάτρός
392 1010 461 1074 sim.
477 1010 519 1095 gl.
531 1003 745 1094 Ὀρειβάσιος,
761 1005 914 1091 Σέργιος,
933 1010 1079 1092 Τίμαιος,
1095 1001 1330 1091 Χριστόδωρος

181 1120 272 1202 Θηβ,
294 1113 416 1202 Ὠρίων
440 1120 521 1201 Θηβ.
545 1117 585 1180 al.
609 1115 850 1200 Nonnunquam
875 1118 983 1180 autem
1012 1137 1050 1179 ex
1078 1113 1214 1178 diversis
1243 1115 1329 1199 vitis,

182 1225 320 1289 fortasse
335 1224 648 1310 cognominatornrn,
663 1224 742 1289 talia
755 1224 886 1288 confusa
905 1245 975 1288 esse
990 1226 1128 1305 constat,
1139 1222 1227 1286 velut
1241 1218 1330 1299 υίὸς

179 1324 371 1416 Ἀριστοφ.
394 1357 423 1399 τ.
445 1330 639 1417 Φιλέταιρος
661 1332 745 1396 forte
770 1355 808 1396 ex
828 1332 972 1415 Philippi
994 1330 1108 1396 comici
1128 1335 1203 1408 vita,
1225 1330 1329 1395 ίστο-

182 1435 294 1521 ρικός
313 1463 341 1502 v.
359 1434 533 1523 Ὀνάσιμος
552 1462 590 1504 ex
609 1438 755 1504 Onesimi
774 1439 931 1522 furatum,
950 1434 1078 1521 ῥητωρ
1098 1462 1127 1503 v.
1146 1436 1330 1521 Τιμαγένης

181 1546 241 1610 lor.
271 1569 309 1611 ex
336 1546 474 1612 rhetoris
499 1546 700 1631 Timagenis,
723 1541 851 1631 ῥήτωρ
875 1546 1013 1610 fortasse
1041 1545 1140 1610 etiam
1163 1569 1192 1610 v.
1216 1549 1328 1628 Κεφα-

181 1655 264 1719 λίων
287 1655 417 1719 aliunde
440 1658 568 1738 raptum
593 1652 648 1740 (of.
667 1652 776 1738 Daub,
795 1653 885 1719 Stud.
900 1677 930 1737 p.
947 1652 990 1739 7),
1009 1647 1281 1737 γραμματικός
1300 1676 1329 1717 v.
1401 1725 1404 1730 ,

178 1755 297 1826 Ἰάσων
322 1783 359 1825 ex
383 1761 517 1826 alterius
541 1761 668 1826 Iasonis
696 1761 763 1826 vita
788 1759 864 1847 (om.
889 1759 1000 1848 llud),
1028 1761 1092 1824 nisi
1119 1781 1162 1845 po
1179 1760 1229 1824 ins
1256 1782 1328 1824 oum

180 1867 407 1933 Gutschmidio
436 1868 581 1953 praefers
605 1864 830 1953 γραμματεύς,
856 1864 1024 1951 ποιητής
1047 1890 1075 1931 v.
1104 1862 1248 1950 Τρύφων
1273 1871 1330 1932 aut

179 1999 218 2041 ex
251 1975 442 2060 antiquioris
477 1978 533 2040 aut
567 1997 605 2038 ex
638 1975 774 2041 iunioris
808 1974 1025 2061 Tryphiodori
1059 1972 1108 2058 (in
1142 1997 1205 2058 qua
1232 1974 1328 2039 hodie

179 2079 395 2167 desideratur)
421 2082 590 2167 illapsum3
615 2083 679 2148 alia
702 2107 721 2147 a
745 2106 820 2148 vero
846 2085 958 2147 abesse
983 2081 1049 2145 dixi
1073 2082 1113 2147 ad
1137 2104 1165 2147 v.
1181 2084 1328 2166 Κρίτων,

182 2189 276 2255 Λέων
310 2192 405 2272 Βνζ.,
439 2192 610 2274 Παμφίλη.
661 2189 860 2265 Quibusdam
890 2211 967 2254 vero
1002 2189 1035 2252 in
1064 2187 1140 2253 vitis
1173 2189 1224 2252 vel
1256 2189 1329 2273 ipsa

180 2298 362 2382 glossarum
385 2297 539 2362 lemmata
563 2296 758 2380 exciderunt,
782 2297 898 2381 quibus
923 2297 1091 2381 scriptoris
1111 2319 1228 2361 nomen
1249 2298 1326 2362 olim

180 2404 363 2490 legebatur:
393 2409 521 2469 constat
548 2404 581 2468 id
610 2404 738 2487 quidem
763 2403 801 2467 de
826 2403 979 2489 Philippo
1003 2404 1160 2489 Opuntio,
1189 2405 1327 2471 fortasse

178 2510 217 2575 de
241 2509 447 2588 Timochare,
470 2510 661 2575 Aristarcho
680 2511 837 2595 Tegeata,
861 2508 1020 2595 Cornuto,
1044 2534 1139 2596 quem
1163 2534 1235 2576 oum
1259 2513 1327 2576 rhe-

179 2624 263 2701 tore,
296 2615 379 2682 Livii
408 2617 550 2702 aequali,
577 2617 688 2700 inepte
717 2615 832 2683 Suidas
866 2618 1025 2701 confudit,
1058 2618 1327 2702 quemadmodum

179 2722 331 2788 Severum
359 2723 538 2808 sophistam
566 2745 638 2788 oum
667 2724 872 2809 imperatore.-
917 2722 1112 2808 Saepissime
1140 2729 1248 2790 autem
1273 2748 1326 2812 ge-

179 2832 279 2896 nuina
301 2832 474 2897 verborum
498 2830 596 2895 series
620 2830 654 2895 in
673 2828 791 2896 Suidae
815 2832 890 2896 vitis
915 2832 1037 2896 violata
1060 2836 1119 2915 est,
1143 2855 1239 2918 quam
1263 2834 1326 2898 nisi

178 2938 367 3004 certissimis
391 2936 592 3023 argumentis
616 2938 772 3003 adductus
799 2961 949 3004 revocare
972 2961 1039 3005 non
1058 2962 1156 3004 ausus
1176 2962 1247 3004 sum
1272 2938 1326 3026 (ολ.

179 3069 207 3110 v.
229 3039 502 3129 Ἀναξανδρίδης,
524 3037 718 3128 Ἀτιττιανός,
741 3040 976 3130 Ἐμπεδοκλῆς,
1005 3042 1204 3131 Εὐκλείδης,
1232 3046 1326 3113 Θέων

178 3156 385 3237 Γυμνασίου,
404 3149 580 3237 Στράττις,
608 3156 744 3237 Τίμαιος
767 3154 838 3235 soa,
869 3153 1048 3233 Φιλόξενος
1066 3160 1156 3220 Κνθ.
1176 3152 1241 3242 al).
1282 3153 1327 3219 Et

178 3260 337 3344 profecto,
357 3260 389 3324 id
408 3259 492 3345 quod
514 3261 651 3324 maxime
670 3259 843 3324 dolendum
864 3266 928 3344 est,
951 3282 1016 3326 non
1040 3283 1152 3326 omnes
1171 3260 1326 3346 Hesychii

180 3368 264 3432 vitas
285 3365 400 3432 Suidas
416 3367 596 3451 descripsit,
611 3365 666 3430 sed
684 3371 782 3449 prout
802 3367 980 3451 videbatur,
998 3367 1082 3432 hanc
1103 3369 1202 3433 vitam
1224 3369 1325 3434 lexico

180 3497 237 3540 suo
268 3473 417 3563 inseruit,
450 3474 540 3538 illam
571 3473 694 3557 omisit,
725 3473 981 3558 accuratissime,
1014 3480 1050 3539 ut
1079 3475 1208 3559 opinor,
1240 3476 1325 3540 vitas

179 3603 259 3664 quae
284 3581 344 3645 sub
364 3581 459 3645 litera
478 3580 507 3643 A
527 3585 559 3645 et
582 3580 610 3644 X
634 3581 801 3666 leguntur,
825 3581 1024 3666 describens,
1050 3582 1135 3667 qnod
1162 3583 1259 3647 etiam
1287 3584 1325 3647 de

179 3687 325 3753 Eudooia
343 3692 456 3753 notum
479 3692 537 3753 est.
578 3688 667 3753 Idem
687 3689 752 3753 iam
771 3689 1019 3773 epitomatorem
1038 3690 1154 3755 fecisse
1174 3690 1325 3774 arbitror,

180 3795 332 3880 quoniam
360 3796 532 3860 nonnullas
561 3796 801 3880 celeberrimas,
831 3797 982 3881 inprimis
1010 3802 1180 3883 poetarum
1208 3791 1325 3883 (Ἀρχί-

178 3907 289 3985 λοχος,
323 3900 474 3982 Νάννος,
509 3907 700 3984 Μουσαῖος,
733 3901 892 3989 Κόιντος)
926 3903 989 3968 vel⁰
1009 3903 1239 3970 historicorum
1274 3906 1324 3969 vel

180 4010 317 4074 aliorum
351 4007 455 4095 (velut
486 4011 669 4094 Οἰνοπίδης
702 4015 797 4091 Χῖος,
831 4013 1075 4096 Καλλίστρατοι
1105 4012 1159 4097 al.)
1192 4034 1323 4096 prorsus

179 4116 382 4180 intercidisse
405 4117 614 4182 manifestum
639 4122 698 4182 est.

251 4383 275 4449 1)
296 4382 381 4449 Nam,
400 4384 432 4436 ut
450 4383 478 4436 in
493 4382 553 4436 vita
567 4382 777 4448 Themistoclis,
797 4383 830 4436 dc
846 4384 1019 4439 orationibus
1032 4382 1188 4438 Alcibiadis
1204 4383 1249 4451 (cf.
1266 4380 1323 4436 Cic.

180 4459 214 4516 de
233 4478 272 4517 or.
292 4460 331 4530 Il,
351 4466 395 4532 2³)
415 4461 521 4517 dictum
540 4463 632 4518 luerit.
671 4464 709 4518 cf.
729 4463 874 4518 Ruhnken.
894 4464 957 4520 hist.
978 4462 1022 4520 Or.
1042 4482 1069 4534 p.
1089 4461 1238 4516 XXXVIII.
