3036 5114
254 312 295 377 76
703 312 927 369 .ΗΕ8ῩΟΗῙΠ8.

250 477 425 562 ἐπαφεῖναι
450 474 548 568 αὐτῶ.
591 481 625 545 οἱ
647 475 684 543 δὲ
707 476 889 562 ἱστόρησαν
913 472 974 563 οὐχ
997 471 1062 544 ὑπὸ
1081 477 1205 553 κυνῶν,
1228 472 1301 544 ἀλλ’
1326 472 1394 544 ὑπὸ

250 589 419 668 γυναικῶν
456 585 587 670 νύκτωρ
626 589 892 672 διασπασθῆναι,
927 584 1156 672 πορευόμενον
1193 581 1277 669 ἀωρὶ
1312 582 1397 668 πρὸς

252 689 427 777 Κρατερὸν
449 690 508 759 τὸν
533 692 703 779 ἐρόμενον
723 690 915 779 Ἀρχελάου·
937 692 992 760 καὶ
1016 690 1078 778 γάρ
1102 704 1195 778 σχεῖν
1216 688 1320 759 αὐτὸν
1339 691 1396 759 καὶ

249 798 324 885 περὶ
347 802 426 880 τοὺς
448 800 621 881 τοιούτους
644 806 775 890 ἔρωτας.
818 805 853 869 οἱ
874 799 911 867 δὲ
933 797 1016 882 πρὸς
1038 797 1100 886 τὴν
1122 795 1267 885 γαμετήν
1291 805 1395 865 Νικο-

223 910 348 974 σδίιιου
374 913 434 976 τοῦ
462 906 690 995 Ἀρεθουσίου.
737 915 792 996 ἐτη
822 908 859 976 δὲ
887 910 1011 994 βιῶυαί
1031 910 1179 994 (φασιν)
1204 903 1308 973 αὐτὸν
1333 904 1395 985 σε’,

249 1014 304 1081 καὶ
328 1013 367 1083 τά
387 1013 469 1085 ὀστᾶ
488 1016 593 1086 αὐτοῦ
613 1020 648 1085 ἐν
668 1020 780 1106 Πέλλη
804 1022 1018 1105 μετακομίσαι
1037 1014 1096 1084 τὸν
1116 1016 1275 1101 βασιλέα]
1315 1014 1395 1100 δρά-

249 1149 335 1208 ματα
354 1123 391 1191 δὲ
415 1123 520 1193 αὐτοῦ
544 1124 625 1193 κατὰ
644 1128 705 1212 μέν
727 1152 821 1204 τινας
844 1124 904 1209 σε’,
927 1122 1007 1191 κατά
1033 1123 1070 1191 δέ
1093 1120 1215 1201 ἀλλους
1238 1121 1307 1207 οβ’,
1331 1121 1394 1190 σῶ-

253 1235 364 1310 ζονται
388 1231 425 1299 δέ
445 1231 503 1313 οξ’.
539 1240 635 1312 νίκας
658 1233 695 1300 δὲ
719 1231 867 1300 ἀνείλετο
891 1231 931 1314 ε’,
954 1229 1012 1310 τάς
1034 1229 1095 1317 μὲν
1120 1229 1154 1296 δ’
1173 1229 1309 1313 περιῶυ,
1331 1228 1394 1315 τὴν

250 1337 286 1404 δὲ
318 1343 399 1424 μίαν
431 1338 510 1425 μετὰ
542 1339 603 1424 τὴν
634 1339 806 1427 τελευτήν,
840 1338 1090 1424 ἐπιδειξαμένου
1121 1335 1158 1404 τὸ
1194 1340 1305 1423 δρᾶμα
1331 1339 1395 1404 τοῦ

211 1463 236 1501 1⁰
250 1441 436 1529 ἀδελφιδοῦ
460 1445 563 1515 αὐτοῦ
587 1446 784 1533 Εὐριπίδου.
827 1449 1013 1527 ἐπεδείξατο
1039 1444 1075 1512 δέ
1094 1440 1195 1523 ὅλους
1217 1442 1394 1523 ἐνιαυτοὺς

249 1549 313 1636 μβ.
359 1552 413 1619 καὶ
436 1561 570 1645 τελευτᾷ
594 1556 647 1624 ἐπὶ
670 1559 727 1641 τῆς
750 1554 799 1641 (ιγ’
823 1551 1037 1641 ὀλυμπιάδος.

338 1680 567 1783 οοοιωιοιι.
609 1676 805 1766 ποτέρως
829 1678 982 1764 Ἀράβιος
1011 1676 1187 1764 σοφιστής,
1219 1674 1471 1772 ἀντισοφι-

249 1783 389 1865 στεύσας
411 1788 465 1853 καὶ
490 1785 589 1868 αὐτὸς
613 1785 800 1881 Οὐλπιανῷ.

338 1912 458 1981 CCXC.
496 1910 704 2000 [Εὐσέβιος
728 1909 746 1980 ό
767 1917 961 1999 Παμφίλου,
982 1917 1219 1998 προσκείμενος
1237 1937 1277 1999 τη
1293 1906 1393 1995 Ἀρει-

210 2023 346 2107 15ανική
367 2021 506 2108 αἱρέσει,
533 2022 709 2101 ἐπίσκοπος
727 2026 930 2105 Καισαρείας
948 2024 1007 2107 τῆς
1025 2025 1268 2104 Παλαιστίνης,
1292 2038 1392 2086 σπου-

248 2131 343 2206 δαιος
375 2129 412 2195 ἐν
444 2143 515 2209 ταῖς
547 2133 656 2207 θείαις
688 2142 848 2214 γραφαῖς,
879 2128 934 2195 καὶ
965 2131 1023 2215 τῆς
1049 2133 1147 2206 θείας
1174 2124 1394 2213 βιβλιοθήκης

248 2233 316 2321 ἅμα
349 2242 517 2325 Παμφίλῳ
552 2241 597 2325 τῷ
630 2234 772 2322 μάρτυρι
804 2233 1102 2320 ἑπιμελέστατος’
1084 2233 1288 2321 ανιχυευτής.
1344 2234 1393 2333 ἐξ·

249 2345 351 2412 ἐδωκε
383 2341 488 2410 πολλὰ
520 2342 633 2429 τεύχη
667 2334 715 2410 ῶν
740 2347 802 2410 εἱσι
832 2341 925 2410 τάδε
953 2340 1166 2471 εὐαγγελικης
1194 2326 1394 2422 ἀποδείξεως

248 2449 343 2536 λόγοι
371 2449 403 2516 κ’
406 2446 655 2536 ,εὖαγγελικῆς
682 2453 957 2537 προπαρασκευῆς
983 2447 1078 2535 λόγοι
1107 2448 1161 2533 ιε’,
1188 2454 1357 2535 θεοφαυεί
1355 2475 1394 2528 ας
1481 2434 1486 2445 ’

209 2568 235 2607 ²⁰
249 2555 344 2644 λόγοι
363 2555 403 2641 ε’,
425 2560 694 2643 ἐκκλησιαστικής
712 2560 860 2642 ἱστορίας
878 2556 974 2643 λόγοι
995 2559 1030 2642 ι’,
1049 2560 1217 2645 χρονικῶν
1235 2556 1393 2625 κανόνων

248 2670 461 2752 παντοδαπῆς
485 2668 643 2752 ἱστορίας,
666 2665 720 2732 καὶ
743 2664 872 2733 τούτων
897 2662 1043 2752 ἐπιτομή.
1079 2665 1134 2733 καὶ
1153 2663 1227 2748 περὶ
1246 2669 1305 2751 τῆς
1323 2666 1392 2732 τῶν

248 2770 450 2859 εὐαγγελίων
476 2777 677 2858 διαφωνίας,
706 2775 753 2850 εἱς
783 2770 843 2839 τὸν
872 2769 1048 2859 προφήτην
1074 2770 1211 2840 Ἠσαίαν
1235 2769 1331 2857 λόγοι
1354 2768 1392 2851 ι’,

246 2878 329 2947 κατὰ
348 2886 550 2968 Πορφυρίου
572 2882 633 2947 τοῦ
649 2878 722 2946 τότε
742 2877 997 2966 συγγράφουτος
1015 2881 1052 2947 ἐν
1072 2883 1220 2970 Σικελία,
1241 2876 1286 2957 ῶς
1303 2903 1392 2956 τινες

249 2995 392 3068 οἱουται,
407 2985 502 3073 λόγοι
516 2988 556 3071 λ’,
578 2989 723 3053 τοπικῶν
736 2987 836 3071 λόγος
849 2985 894 3071 α’,
910 2983 1089 3072 ἀπολογίας
1105 2983 1187 3067 ὑπὲρ
1200 2983 1393 3070 Ὠριγένους

207 3106 234 3147 ²⁵
248 3092 343 3179 λόγοι
372 3091 415 3177 ς’,
443 3094 518 3178 περὶ
541 3097 601 3161 τοῦ
624 3099 702 3179 βίου
721 3099 904 3178 Παμφίλου
928 3092 1023 3179 λόγοι
1046 3091 1091 3179 γ’,
1114 3092 1188 3176 περὶ
1212 3090 1391 3179 μαρτύρων

248 3202 342 3286 ε’τερα
365 3200 615 3289 συγγράμματα,
638 3200 693 3267 καὶ
717 3204 764 3279 εἱς
781 3199 858 3279 τοὺς
877 3199 933 3284 ρυ’
952 3198 1104 3287 ψαλμοὺς
1123 3199 1391 3287 δεδοκιμασμέυα

322 3485 393 3555 1τῴ
414 3481 554 3558 Εὐριπίδη
569 3503 619 3556 pro
636 3480 711 3555 αάτςό
730 3484 800 3538 Mos.
843 3481 933 3552 ἕτεροι
950 3485 1021 3543 Mos.
1038 3482 1264 3556 [azoprjcavtecv
1308 3472 1399 3539 AENt-¹

247 3567 364 3619 κοδίκου
384 3570 460 3618 m
480 3563 648 3636 Νικοδήμου
667 3564 712 3619 vel
735 3565 900 3633 Νικοδημοῦ
918 3566 989 3632 vulp.
1079 3572 1095 3621 ὃ
1116 3564 1283 3639 βεβιωκέναι
1303 3567 1392 3629 φασίν

248 3645 319 3699 Mos.
346 3646 445 3717 βιῶναι
469 3663 522 3700 om.
547 3665 635 3716 φασιν
655 3645 734 3698 said.
759 3664 847 3712 φασιν
869 3645 973 3699 inserui
996 3646 1039 3714 (ef.
1064 3664 1089 3700 v.
1111 3646 1254 3712 Δαφίδας)
1276 3640 1315 3713 ρι’
1339 3663 1391 3713 pro

248 3721 287 3779 οε’
307 3724 451 3779 Dobraeus
471 3726 582 3782 Advers.
603 3734 618 3780 2
639 3746 665 3796 p.
687 3732 737 3780 125
757 3727 804 3779 καλ
824 3720 857 3779 τὰ
877 3720 945 3778 ὀστᾶ
965 3756 999 3766 —-
1019 3721 1056 3779 ιε’
1078 3743 1131 3779 om.
1150 3730 1173 3778 Δ
1252 3732 1267 3779 7
1288 3723 1391 3791 σῶζον·

248 3826 292 3859 ται
312 3803 343 3859 δὲ
365 3804 405 3871 οζ’
427 3813 522 3861 om.V
602 3804 856 3876 9ἐπιδειξαμένου
877 3837 908 3845 -
928 3803 978 3875 μβ’
998 3824 1051 3861 om.
1073 3806 1146 3859 Mos.
1220 3812 1253 3860 10
1272 3801 1389 3876 ἀδελφι-

247 3885 315 3947 δοῦς
335 3886 443 3941 omissis
463 3883 550 3943 αὐτοῦ
574 3884 640 3954 Εόρ.
657 3894 679 3940 V
754 3894 783 3941 11
810 3882 857 3954 κβ’
877 3891 926 3938 AV
946 3881 992 3944 κς’
1011 3887 1061 3942 rel.
1083 3881 1131 3953 μς’
1152 3885 1291 3955 Ηοτὶιιιις.
1324 3888 1390 3942 Eur.

247 3964 334 4018 restit.
356 3973 367 4019 1
390 3985 415 4035 p
434 3972 450 4021 4
487 3965 535 4042 μβ
556 3970 721 4039 Bernhardy
741 3969 877 4023 uffesterm
897 3966 944 4020 καλ
964 3963 1117 4020 τελεόταΔ
1136 3962 1300 4041 τιλιυτςῖδ’
1317 3969 1390 4024 Μοε.

248 4041 378 4101 ἀπέθανε
400 4043 448 4102 ἐπι
466 4050 537 4118 plur.
559 4050 662 4105 Suidae
681 4048 747 4105 libri

319 4144 502 4198 cchxxxlx
523 4146 597 4200 Eud.
613 4167 639 4217 p
650 4155 711 4204 289.
743 4148 783 4203 Cf.
802 4147 897 4215 Βοιὼ,
916 4148 950 4199 de
967 4144 1044 4199 Suid.
1061 4163 1086 4215 p
1099 4087 1153 4199 4οἱ
1206 4140 1275 4198 12“
1259 4165 1291 4207 ος
1310 4140 1390 4202 ἀντε·

248 4227 431 4294 σοφίστευσεν
452 4220 540 4280 Οόλπ
561 4227 635 4281 Eud.
714 4235 745 4282 13
765 4223 962 4297 Οόαπιανῶέ

320 4322 412 4378 CCXC
431 4321 511 4375 fluxit
529 4341 562 4376 ex
582 4325 695 4380 Hieron.
699 4326 842 4394 -.Sophr0n
863 4345 886 4380 ο.
905 4331 936 4379 81
1024 4329 1056 4375 14
1074 4278 1252 4392 ἈριανικήΔ
1333 4317 1386 4391 ἀφ’

249 4397 288 4458 ῶν
308 4402 348 4465 εἱς
368 4398 417 4472 ἐμὲ
437 4399 514 4470 λόγοι
534 4404 622 4457 εικοοι
641 4402 729 4473 μόνον
748 4409 903 4473 περιηλθον
922 4406 987 4473 post
1008 4406 1077 4457 Παλ.
1099 4403 1161 4455 add.
1182 4404 1264 4471 soph.

248 4490 282 4538 22
303 4480 351 4537 τὸν
370 4479 519 4551 προφήτην
540 4500 593 4537 om.
614 4485 696 4554 Soph.
768 4491 801 4540 25
822 4488 871 4542 τοῦ
891 4489 927 4543 Π.
946 4487 1017 4554 ταῖς.
1038 4484 1089 4539 τοῦ
1109 4501 1162 4537 om.
1180 4487 1255 4535 ΔΒΕ
