3036 5114
574 314 859 372 Pnonnnonnnn.
1210 310 1284 364 LVII

137 484 204 548 lum
222 505 301 547 num
320 481 483 566 Hesychio
502 487 632 566 praesto
652 481 764 564 fuerit,
787 479 929 544 dubium.
967 477 1157 562 Ambigitur
1176 480 1284 540 antem
1313 540 1317 547 .

137 591 176 654 de
192 589 453 676 Lysimach0¹)
462 641 470 674 ,
485 611 579 675 quem
593 589 707 654 laudat
720 588 867 654 Eudocia
881 609 909 651 v.
925 579 1157 668 Διογενιανός,
1173 606 1284 668 quam-

139 720 234 783 quam
263 701 296 762 et
319 698 387 781 ipse
411 697 450 762 de
472 696 631 762 Heraclea
657 696 793 762 Pontica
823 695 1006 780 disputasse
1034 691 1168 757 videtur.
1213 689 1285 755 Hoc

138 805 189 869 vel
209 804 249 869 iis
273 803 393 869 dictum
418 826 487 868 esse
512 804 601 889 volo,
624 804 679 888 qui
698 804 738 868 ad
762 825 860 868 unum
884 801 1007 868 fontem
1032 820 1159 866 omnem
1183 797 1285 883 Hesy-

139 911 203 977 ehii
227 911 408 977 doctrinam
433 911 578 997 redigere
601 911 747 976 tendant.

228 1019 382 1083 Attamen
407 1041 536 1101 caveas,
562 1040 603 1084 ne
629 1019 746 1102 omnia,
773 1039 855 1102 quae
878 1016 917 1080 de
939 1014 1046 1099 patria
1070 1019 1237 1079 auctorum
1266 1037 1286 1078 a

138 1124 334 1211 Biographis
353 1124 485 1190 Graecis
510 1129 696 1210 narrantur,
720 1125 760 1190 ad
784 1146 839 1190 eos
863 1146 944 1209 quos
968 1122 1154 1187 enumeravi
1177 1122 1285 1186 fontes

138 1231 275 1314 referas,
303 1255 379 1296 nam
408 1233 544 1317 exempli
568 1232 674 1318 gratia
697 1233 796 1296 etiam
820 1230 1090 1314 Asclepiadem
1119 1228 1284 1314 Myrlea-

138 1362 224 1403 num
251 1339 286 1403 in
314 1340 397 1405 libro
425 1338 499 1422 περὶ
527 1340 764 1424 γραμματικῶν
792 1338 952 1403 interdum
980 1337 1019 1402 de
1047 1337 1155 1422 patria
1181 1335 1285 1400 fusius

140 1446 324 1531 disputasse
348 1447 506 1531 probatur
530 1448 597 1512 vita
621 1446 715 1511 Arati
739 1446 786 1510 ed.
805 1445 977 1511 Westerm.
992 1468 1022 1530 p.
1036 1446 1089 1529 52,
1103 1446 1132 1509 ὁ.
1170 1443 1285 1520 Quam·

139 1553 250 1618 obrem
277 1553 388 1636 Daub,
420 1554 459 1619 de
487 1553 574 1619 Suid.
600 1576 629 1638 p.
648 1555 713 1619 459
737 1553 933 1638 Hesychiunr
962 1554 1100 1618 alterum
1128 1552 1166 1616 de
1193 1550 1285 1614 Arati

138 1661 247 1744 patria
274 1662 397 1728 fontem
426 1660 612 1747 (Philonem
636 1661 824 1747 Byblium'r)
854 1660 1039 1726 adhibuisse
1067 1659 1183 1724 merito
1212 1679 1285 1724 con-

141 1765 278 1855 clusit²)
303 1769 348 1834 At
363 1769 398 1833 in
418 1769 491 1834 aliis
511 1768 622 1834 forsan
637 1769 711 1833 vitis
728 1768 868 1833 eiusdem
884 1767 1088 1852 Asclepiadis
1105 1766 1286 1832 doctrinam

145 1873 318 1958 aliquando
342 1876 376 1940 in
399 1877 501 1941 lucem
525 1874 728 1958 prodituram
752 1897 822 1940 esse
846 1873 970 1959 opinor.

228 1981 449 2067 Hermippi
482 1981 662 2066 Berytii‚
695 1980 842 2048 Philonis
876 1981 1020 2067 aequalis
1058 1984 1090 2044 et
1126 1979 1366 2066 discipules)

140 2086 213 2173 περὶ
233 2091 302 2154 τόν
321 2087 357 2154 έν
376 2092 510 2177 παιδείᾳ
528 2084 790 2173 διαλαμψόντων
810 2085 942 2154 δούλων
962 2088 1045 2152 liber
1064 2087 1105 2151 ab
1119 2085 1284 2170 Hesychio

139 2196 291 2262 laudatur
313 2192 502 2282 ι.”Αβρων,
517 2191 660 2280 Ἴστρος,
684 2196 892 2280 Παρθένιος,
917 2197 958 2261 ab
982 2195 1090 2280 Etym.
1110 2193 1153 2258 M.
1166 2218 1197 2279 p.
1213 2197 1285 2280 118,

142 2303 182 2367 14
212 2325 240 2367 v.
266 2296 438 2387 Ἀνιόμεια,
473 2325 567 2388 quem
598 2304 703 2368 locum
732 2325 812 2368 corr.
840 2302 1121 2387 Hemsterhusius,
1154 2324 1217 2386 qua
1246 2302 1285 2366 de

139 2409 216 2473 urbe
248 2410 449 2496 Hesychium
484 2411 515 2475 in
552 2410 619 2474 vita
649 2409 816 2475 Parthenii
851 2411 1035 2496 disputasse
1068 2413 1197 2474 constat
1229 2409 1285 2495 (cf.

139 2516 259 2580 Annal.
278 2517 356 2601 phil.
379 2518 463 2582 1880
481 2540 511 2602 p.
531 2518 593 2583 831
619 2515 743 2604 not.).³)
790 2516 998 2583 Luculentins
1031 2523 1155 2601 autem,
1187 2539 1285 2602 quam

138 2623 276 2688 aliorum
301 2630 469 2690 auctorum
487 2623 657 2710 Hermippi
678 2625 817 2711 vestigia
837 2625 966 2690 invitis
986 2624 1200 2710 Hesychianis
1220 2625 1284 2688 eni·

137 2734 278 2815 teseunt,
301 2753 364 2815 qno
389 2731 517 2816 quidem
543 2731 592 2814 fit,
616 2737 652 2795 ut
674 2735 834 2816 quotquot
857 2736 933 2795 sunt
955 2730 1145 2815 fragmenta
1163 2731 1231 2796 eius
1251 2732 1284 2796 in

139 2837 213 2902 vitis
240 2837 408 2902 enucleare
435 2838 606 2921 possimus.
657 2837 749 2914 Quod
779 2837 921 2903 officium
948 2837 1121 2922 diligenter
1149 2839 1285 2923 perfecit

137 2943 363 3026 Wachmnth,
378 2943 487 3028 Symb.
503 2944 606 3009 Bonn.
620 2968 650 3028 p.
668 2946 729 3010 139
742 2943 849 3031 seqf),
864 2945 923 3010 has
937 2946 1063 3030 glossas
1078 2967 1284 3010 enumerans:

129 3037 273 3136 Ἅβρων,
297 3052 469 3136 Αἰσχίνης,
497 3056 653 3129 Αἴσωπος
676 3051 814 3136 Σάμιος,
835 3047 1049 3136 Ἀλέξανδρος
1068 3047 1086 3117 ό
1106 3049 1284 3138 Μιλήσιος,

135 3152 292 3242 Ἀλκμάν,
318 3153 759 3247 Ἀντίμαχος,,Ἀντιφόνης,
780 3156 917 3242 Ἀντίων,
938 3154 1181 3245 Ἀριστογένης,
1202 3155 1283 3244 Ἀρι·

137 3262 318 3350 στοφόνης,
343 3262 525 3351 Διαγόρας,
545 3262 796 3353 Ἐπαφρόδιτος,
817 3263 1017 3353 Ἐπίκτητος,
1036 3263 1181 3352 Ἐργίας,
1204 3263 1283 3332 Θεό·

138 3372 258 3455 δωρος,
274 3367 469 3459 'lippit-1209,
477 3370 619 3460 Ἴστρος,
639 3380 823 3458 Καικίλιος,
844 3373 1058 3460 Μεσομήδης,
1078 3373 1283 3459 Μεταγένης,

139 3476 343 3562 Παρθένιος,
363 3485 540 3565 Περσαῖος,
559 3477 700 3565 Ῥιανός,
723 3479 913 3567 Σιβύρτιος,
937 3481 1132 3567 Τιμαγένης,
1155 3487 1282 3566 Τυραν-

139 3587 258 3661 νίωνες
280 3587 356 3667 duo,
388 3590 541 3672 Φαίδων,
568 3585 758 3673 Φιλόξενος,
785 3589 933 3674 Φλέγων,
960 3588 1103 3675 Φόρμος,
1127 3592 1283 3675 Χοιρίλος

139 3686 276 3775 Σάμιος.
306 3693 458 3778 Expunxi
478 3718 515 3761 ex
535 3697 639 3763 indice
663 3698 705 3782 gl.
724 3698 881 3775 Αίσοιττος
903 3693 1098 3783 όναγόστης
1117 3721 1155 3764 ex
1174 3698 1282 3764 Ptole-

212 3924 237 3989 1)
261 3918 326 3975 Cod.
351 3917 424 3975 κατὰ
443 3925 619 3994 Λνοίμαηον,
643 3925 722 3980 cuius
745 3926 806 3981 loco
826 3927 947 3982 conicias
970 3925 1043 3982 κατὰ
1063 3927 1218 4000 Σύμμαχον
1237 3930 1282 3986 vel

140 3994 213 4053 nard
228 4001 373 4054 Λυσανίαν
388 4001 423 4054 al.
457 4003 519 4057 Nisi
535 4020 553 4057 a
567 4002 723 4059 litterarum
743 4006 832 4060 forma
850 4007 932 4062 nimis
950 4008 1069 4078 recedit,
1089 4006 1161 4064 κατὰ
1182 4012 1281 4064 Kalli-

140 4097 260 4147 οτρατον
275 4079 408 4150 seriptum
424 4082 508 4137 luisse
524 4083 659 4153 suspicer,
674 4102 737 4139 curn
753 4086 787 4139 da
802 4086 939 4142 Heraclea
952 4089 1070 4144 Pontica
1083 4094 1191 4162 agatur.

210 4164 239 4229 2)
258 4160 383 4216 Timonis
397 4162 515 4219 Phliasii
533 4165 623 4220 totam
637 4165 730 4222 ,vitam
749 4166 783 4220 de
803 4166 919 4222 Philone
935 4168 1034 4238 Byblio
1053 4171 1173 4240 pendere
1192 4172 1280 4241 suspi-

138 4242 217 4295 catus
236 4243 280 4296 est
297 4240 498 4313 Wilamowitz‚
523 4245 654 4317 Antigon.
675 4263 728 4301 von
745 4247 811 4300 Kar.
830 4265 857 4316 p.
873 4253 904 4301 31
925 4251 982 4303 not.
1021 4247 1100 4314 Quod
1121 4242 1171 4304 nec
1189 4249 1281 4305 refelli

141 4338 193 4376 nec
216 4322 327 4391 probari
346 4325 447 4392 potest.

210 4405 237 4471 3)
257 4402 427 4472 Magnopere
445 4404 532 4474 igitur
551 4407 655 4461 erravit
672 4406 774 4461 Mdller
794 4407 831 4461 lll
851 4425 877 4477 p.
893 4414 923 4462 ol
942 4409 977 4463 al.

202 4487 236 4550 4)
255 4481 296 4538 Cf.
315 4481 400 4538 etiarn
421 4483 537 4555 stetten,
557 4487 591 4542 de
611 4504 717 4545 canone
737 4489 778 4542 Al
794 4506 821 4559 p.
837 4494 853 4543 ‘l
867 4491 924 4543 not
