3036 5114
241 306 303 370 116
700 305 919 360 HESYCHIUS.²

238 467 389 555 ε’γραψαν
408 467 444 534 ἐν
462 471 604 552 βιβλίοις
622 465 655 532 κ’
673 466 729 532 καὶ
753 466 798 553 ρ’,
822 467 920 547 πίναξ
938 466 993 532 καὶ
1012 462 1191 554 άναγραφὴ
1209 469 1278 534 τῶν
1296 464 1380 535 κατδι

151 585 153 589 ’
237 573 381 661 χρόνους
412 573 467 640 καλ
491 569 547 640 ἄπ’
573 571 676 660 ἀρχῆς
702 575 895 660 γενομένων
923 571 1152 655 διδασκάλων,
1183 575 1282 654 πίναξ
1311 578 1380 641 τῶν

240 685 455 766 Δημοκρίτου
477 685 638 767 γλωσσῶν
661 682 716 748 καλ
739 680 999 768 συνταγμάτων,
1018 683 1135 767 μηνῶν
1158 687 1380 770 προσηγορίαι

237 785 319 853 κατά
343 792 444 868 ἔθνος
471 790 526 857 καὶ
548 788 676 873 πόλεις,
701 793 823 869 κτίσεις
850 787 964 874 νήσων
991 788 1047 855 καλ
1070 788 1200 857 πόλεων
1228 788 1283 854 καλ
1306 814 1380 876 μετ·

211 896 520 983 δονομασίαι,’περὶ
539 901 607 965 τῶν
627 897 664 963 ἐν
682 894 828 985 Εὐρώπῃ
847 899 1016 983 ποταμῶν,
1035 895 1110 983 περὶ
1129 900 1197 964 τῶν
1217 897 1253 962 ἐν
1273 902 1380 962 Πελο-

237 1002 395 1094 ποννήσῳ
425 992 480 1070 καλ
500 1003 622 1093 Ἰταλίᾳ
654 1009 856 1091 θαυμασίων
880 1003 935 1071 καὶ
963 1002 1177 1093 παραδόξων,
1204 1004 1279 1091 περὶ
1306 1030 1378 1090 μετ-

238 1116 420 1197 ονομασίας
444 1110 587 1198 ἰχθύων,
605 1112 680 1199 περὶ
698 1110 843 1198 ἀνέμων,
862 1110 937 1198 περὶ
956 1108 1095 1198 ὀρνέων,
1117 1111 1272 1198 περὶτῶν
1288 1111 1379 1199 ἐντῇ

238 1217 417 1305 οἰκουμένῃ
449 1222 623 1304 ποταμῶν,
658 1218 843 1305 θαυμάτων
876 1222 944 1286 τῶν
976 1222 1023 1298 είς
1055 1216 1187 1286 ἅπασαν
1219 1215 1281 1305 τὴν
1313 1221 1379 1305 γῆν

236 1320 318 1390 κατά
341 1321 464 1404 τόπους
488 1321 596 1392 ὄντων
621 1324 809 1411 συναγωγή.

197 1450 223 1489 10
325 1430 552 1499 OCCCXXIX.
593 1437 847 1519 Καλλίμαχος
871 1438 1065 1519 Κυρηναῖος
1089 1430 1256 1517 ἐποποιός,
1280 1431 1377 1501 άδελ-
1403 1504 1433 1543 b

235 1540 358 1622 φιδοῦς
389 1542 449 1605 τού
479 1540 659 1628 προτέρου,
688 1538 761 1618 νίός
784 1539 1002 1627 Στασήνορος
1023 1539 1079 1606 καὶ
1104 1545 1298 1626 Μεγατίμας
1320 1543 1380 1626 τῆς

235 1639 384 1729 ἀδελφῆς
407 1644 633 1732 Καλλιμάχου.

325 1751 535 1819 CCCCXXX.
590 1756 832 1832 Καλλίνικος
864 1758 985 1839 Γαΐου,
1021 1750 1039 1821 ὁ
1072 1754 1127 1821 καλ
1163 1753 1381 1851 ξουιητοίριος

237 1857 441 1943 ἐπικληθείς,
478 1855 637 1944 σοφιστὴς
667 1857 795 1945 Σύρος,
829 1855 873 1938 ῶς
901 1860 941 1926 δέ
964 1873 1053 1938 τινες
1078 1856 1244 1947 Ἀράβιος,
1274 1860 1311 1929 τὸ
1341 1860 1380 1929 δὲ

196 1983 221 2023 1⁵
235 1960 360 2050 άληθὲς
394 1971 574 2051 Πετραῖος,
607 1964 828 2051 σοφιστεύσας
861 1966 898 2032 ἐν
924 1963 1090 2052 Ἀθήναις.
1141 1972 1263 2055 ἔγραψε
1297 1965 1380 2056 πρὸς

237 2075 376 2140 Λούπον
394 2073 469 2157 περὶ
488 2079 683 2159 κακοζηλίας
700 2075 887 2162 ῥητορικῆς,
910 2073 1190 2161 προσφωνητικόν
1210 2079 1379 2166 Γαλιηνςὸ,
1401 2064 1471 2123 λ”””’ῗ

235 2176 318 2266 πρὸς
350 2179 586 2266 Κλεοπάτραν,
623 2181 697 2267 περὶ
731 2184 799 2249 τῶν
831 2178 903 2248 κατ’
938 2177 1188 2267 Ἀλεξάνδρειαν
1220 2185 1379 2268 ἱστοριῶν

234 2290 347 2371 βιβλία
372 2285 409 2371 ι’,
432 2287 517 2373 πρὸς
539 2286 596 2367 τάς
619 2287 830 2374 φιλοσόφους
854 2289 1006 2374 αίρέσεις,
1029 2288 1104 2376 περὶ
1126 2291 1186 2374 τῆς
1204 2285 1376 2375 Ῥωμαίων

234 2387 453 2472 άνανεῶσεως
475 2393 530 2460 καλ
554 2391 638 2460 άλλα
656 2393 732 2461 τινά
757 2393 902 2481 ἐγκῶμια
925 2393 980 2462 καὶ
1003 2393 1134 2479 λόγους.

195 2518 221 2557 2⁰
325 2499 551 2568 CCCCXXXI.
579 2498 810 2580 Κάλλιππος
825 2496 1003 2587 Ἀθηναῖος
1024 2499 1222 2587 φιλόσοφος,
1241 2502 1377 2568 Πλάτω-
1400 2564 1437 2604 m

233 2632 292 2684 νος
324 2606 491 2694 μαθητής,
525 2603 562 2687 ὃς
593 2609 630 2675 ἐν
661 2606 895 2695 Συρακούσαις
923 2605 1073 2696 άνηρίθη
1103 2622 1283 2693 τυραννεῖν
1310 2610 1377 2677 ἐπι-

233 2713 397 2800 χειρήσας.
448 2712 595 2801 πονηρὸς
632 2706 730 2794 οὗτος
766 2713 936 2801 ἱστόρηται
967 2711 1056 2800 παρὰ
1089 2717 1134 2805 τῶ
1169 2713 1377 2806 Πλουτάρχῳ

233 2819 289 2886 καλ
313 2824 448 2900 Δίωνος
470 2823 531 2888 τού
551 2825 791 2908 Συρακουσίου
814 2818 988 2906 προδότης.

1438 1508 1462 1541 λι

1439 2566 1459 2608 λι

304 3024 320 3070 ‘2
340 3017 530 3071 διδασκαλιῶν
542 3018 706 3072 Ριακεοκνο.
731 3017 833 3070 Totum
847 3016 939 3071 locum
954 3018 1026 3071 male
1041 3017 1189 3072 constituit
1197 3017 1377 3089 Bernhardy:

233 3097 318 3161 πίναξ
339 3096 387 3149 καλ
411 3092 564 3166 ἀναγραφὴ
588 3099 643 3151 τῶν
668 3130 700 3136 -
724 3096 884 3166 γενομένων
909 3095 1108 3167 [συγγραφέων
1132 3096 1193 3168 καλ]
1218 3091 1377 3166 συνταγμά-

233 3197 288 3230 των
308 3179 497 3231 διδασκαλιῶν
516 3178 614 3246 πίναξ,
638 3175 726 3248 [mol]
751 3177 806 3231 τῶν
827 3184 898 3247 Δημ.
918 3178 1060 3246 γλωσσῶν,
1085 3177 1181 3247 μηνῶν
1204 3194 1283 3246 προσ.
1321 3177 1377 3231 Sed

199 3262 202 3267 ’
233 3257 268 3311 ολ,
288 3273 359 3326 quae
378 3258 413 3313 de
436 3258 572 3312 lectorum
596 3257 795 3312 additamentis
816 3258 930 3327 exposui
948 3256 966 3315 λ,
987 3275 1009 3313 ο.
1030 3259 1058 3311 ολ
1076 3258 1146 3313 Μαι.
1167 3258 1253 3314 Rhen.
1274 3257 1376 3312 XXXV

233 3343 322 3407 p.215
370 3344 385 3391 3
402 3334 640 3408 ΔημοκράτονςΔ
660 3333 974 3406 ΔημοκράτουἼΕιιά,
993 3354 1064 3407 quae
1079 3355 1133 3394 om.
1148 3339 1232 3404 πίναξ
1248 3370 1280 3378 -
1297 3339 1377 3392 διδα-

234 3414 355 3486 σκάλων,
374 3418 438 3488 περὶ
456 3451 490 3458 -
507 3418 653 3488 ποταμῶν,
672 3415 737 3485 περὶ
756 3449 789 3457 -
808 3413 991 3485 παραδόξων,
1014 3418 1053 3473 sio
1072 3434 1202 3488 pergens:
1226 3418 1290 3487 περὶ
1305 3438 1328 3473 τ.
1345 3414 1377 3472 ἐν

233 3519 255 3551 τ.
277 3497 330 3553 οίκ.
349 3519 423 3567 ποτ,
447 3503 535 3569 θαυμ.
555 3500 612 3554 τῶν
636 3498 676 3560 είς
694 3492 743 3553 άπ.
763 3499 816 3567 γῆν
836 3494 907 3552 κατά
927 3519 949 3552 τ.
969 3494 1012 3552 όν.
1031 3516 1135 3568 σνναγ.
1159 3501 1263 3560 κτίσεις
1281 3495 1377 3568 νήσων

234 3579 283 3631 καλ
301 3576 410 3633 πόλεων
430 3581 478 3634 καλ
497 3600 598 3650 μετον,
617 3579 682 3648 περὶ
700 3598 758 3649 μετ.
779 3577 900 3649 ἰχθύων,
919 3576 985 3646 περὶ
1003 3573 1058 3648 σίν,
1076 3578 1142 3648 περὶ
1161 3572 1219 3648 ὅρν.
1238 3579 1287 3632 καλ
1305 3573 1377 3632 ἄλλα

233 3655 336 3722 πολλά.
355 3654 392 3720 ῶς
410 3661 520 3728 εἴρηται
592 3666 608 3714 9
627 3656 755 3714 τόπονΕ

306 3736 483 3793 CCCCXXIX
506 3741 581 3794 Ιίκιί.
605 3759 631 3809 p.
650 3746 715 3808 442,
735 3756 807 3808 quae
830 3739 883 3792 inc.
909 3735 966 3792 ἔστι
989 3737 1038 3793 καὶ
1062 3738 1098 3796 ἔτ.
1119 3771 1152 3780 --
1176 3734 1221 3794 άδ.
1240 3739 1325 3794 τοῦδε
1349 3739 1378 3792 ολ

235 3834 288 3872 om.
308 3815 369 3881 υίὸς
389 3851 420 3859 -
441 3820 506 3874 exit.
582 3827 611 3874 11
633 3823 845 3887 ΣτασίνοροςΔ

306 3897 471 3954 CCCCXXX
492 3901 568 3955 Κιιιί.
587 3918 613 3970 p.
634 3907 694 3955 439.
736 3900 776 3955 cf.
801 3919 825 3952 v.
848 3896 1000 3961 Γενέθλιος
1023 3902 1056 3953 σθ’
1077 3894 1228 3960 Ἰουλιανὸς
1252 3894 1375 3968 Δόμνου.

234 3977 275 4032 De
299 3995 332 4032 eo
357 3980 391 4032 cf.
411 3979 512 4034 Μϋλλερ
530 3980 568 4033 Ill
587 3999 614 4050 p.
634 3987 685 4035 663
776 3986 808 4034 13
833 3974 993 4046 Σουτάριος
1015 3981 1087 4048 νἀλμ.
1107 3984 1165 4033 Δλδ.
1185 3979 1260 4033 Eua.
1285 3983 1377 4049 Σουη-

198 4076 201 4082 ·
234 4053 332 4126 τῶριος
350 4064 399 4110 Av
419 4057 595 4129 Σουκτῶριος
612 4065 691 4114 m
770 4066 803 4113 14
823 4056 914 4128 ῥητωρ
932 4054 1025 4126 Σύρος
1043 4059 1117 4114 Eud.
1199 4066 1231 4113 15
1251 4055 1282 4114 ἐν
1299 4054 1377 4129 Ἀθή-

234 4158 297 4201 ναις
316 4156 368 4193 om.
389 4140 464 4195 Eud.
557 4148 590 4195 16
613 4142 749 4195 Λοῦππον
769 4140 841 4208 vulo.
860 4140 935 4193 Eud.
960 4141 1115 4193 ΛοῦπονΔ
1207 4139 1376 4211 ΓαληΐνφΔ

237 4215 368 4289 Γαλλήνφ
386 4224 461 4272 m
471 4224 529 4273 Ald.
545 4221 620 4279 Ειιιί,
643 4216 771 4290 Γαλιήνῳ
790 4237 853 4273 cum
873 4220 970 4274 Ιοκοίο
989 4220 1126 4274 Καείωκο
1212 4224 1244 4272 18
1264 4215 1377 4287 φιλοσό-

235 4320 306 4370 φους
324 4305 373 4353 ΔΕ
393 4297 556 4368 φιλοσόφων
574 4303 646 4370 ναλρ.
662 4301 738 4355 Eud.

306 4379 482 4436 CCCCXXX!
501 4379 575 4434 Εαιλ.
591 4399 617 4449 p.
633 4386 694 4448 446,
710 4397 781 4447 quae
796 4397 849 4434 om.
865 4373 896 4442 ὃς
906 4380 944 4418 ’-
960 4378 1025 4434 exit.
1050 4379 1122 4432 Num
1138 4377 1316 4448 Hesychiana
1330 4379 1376 4446 sib,

234 4461 357 4516 dubium.
392 4460 432 4515 De
452 4459 591 4514 erroribus
608 4459 754 4514 Villoisoni
774 4460 808 4514 al.
829 4460 887 4514 dixi
907 4461 1014 4514 Untere.
1034 4478 1061 4530 p.
1081 4466 1097 4514 9
1117 4458 1192 4513 etin
1212 4459 1253 4514 ed.
1274 4459 1344 4513 Eud.
