3036 5114
612 354 895 413 Pnonneonnna
1239 350 1329 409 xxxi

183 526 371 600 Καναναῖος
390 520 465 609 (AV
480 522 582 609 vulg.)
596 545 628 607 p.
642 526 825 598 Κικοναίος
843 520 932 606 (Ald.
945 520 979 585 M
997 516 1105 605 Eud),
1127 513 1329 600 Πλούταρ-

182 655 247 716 χος
266 628 444 713 Μαριανός
465 628 595 715 (ABV)
614 651 644 713 p.
660 632 831 710 Μαρῖνος,
850 625 1116 710 Πρωταγόρας
1135 625 1330 707 Νεανδρίου

182 738 309 825 (ΑΒΕ)
334 761 363 822 p.
383 737 611 819 Μαιανδρίου,
631 733 899 817 Προαιρέοιος
921 735 982 798 τοῦ
1001 728 1133 818 αὐτοκρ.
1155 732 1280 818 (AVE)
1299 756 1329 817 p.

180 840 269 928 παρὰ
283 868 309 910 τ.
319 839 462 927 adrosa,
483 846 718 927 Τυραννίων
733 836 872 926 ἢΜεσο.
881 845 950 924 φιλ.
962 838 1087 926 (AVE)
1102 865 1131 926 p.
1144 846 1249 906 Μεσσ.
1261 846 1329 925 φιλ.

270 950 362 1028 Quod
395 952 422 1015 si
455 973 493 1015 ex
526 949 682 1030 eiusmodi
711 949 878 1032 exemplis,
915 969 997 1032 quae
1030 947 1185 1013 facillime
1218 949 1329 1033 augeri

181 1063 330 1142 possunt,
364 1059 560 1123 recentiores
587 1055 704 1122 Suidae
738 1055 863 1121 codices
897 1078 917 1120 a
944 1056 1235 1138 praestantioribus
1263 1079 1328 1120 non

183 1166 374 1231 descendere
406 1166 559 1248 efficitur,
593 1186 674 1249 qnae
705 1186 755 1228 res
784 1164 834 1228 vel
863 1163 937 1228 inde
965 1163 1209 1247 comprobatur,
1242 1162 1328 1246 quod

180 1295 257 1357 pars
288 1274 428 1337 vitarum
462 1273 554 1338 abest
584 1271 624 1335 ab
648 1271 691 1354 A,
720 1271 803 1336 aliae
836 1270 953 1334 desunt
980 1271 1013 1334 in
1037 1270 1076 1354 V,
1109 1292 1191 1355 quac
1217 1272 1329 1335 tamen

183 1385 295 1444 extant
318 1380 350 1443 in
375 1379 587 1444 deterioribus
614 1377 719 1462 libna,
742 1377 823 1442 duae
847 1378 941 1443 nobis
966 1383 1043 1442 sunt
1066 1377 1211 1443 codicum
1235 1377 1325 1442 iami-

182 1487 245 1551 liae
268 1487 467 1570 statuendae,
490 1508 627 1570 quarum
650 1508 715 1550 una
738 1485 944 1550 continentur
967 1484 1030 1550 AV
1053 1484 1105 1571 (ex
1129 1508 1192 1570 quo
1206 1485 1329 1567 descri-

183 1598 256 1677 ptus
276 1593 403 1659 videtur
417 1591 457 1679 O)
476 1593 653 1658 Vaticanus
669 1591 833 1676 Pearsoni,
853 1592 956 1656 altera
968 1591 1032 1656 BE
1048 1594 1098 1676 al,
1117 1592 1199 1656 unde
1219 1613 1328 1656 mana·

184 1705 299 1766 verunt
313 1700 382 1765 edd.
397 1704 475 1765 vett.
491 1704 566 1765 ante
579 1698 771 1783 Kusterum,
789 1721 983 1784 quamquam
1001 1698 1063 1763 BE
1082 1699 1229 1783 pluribus
1249 1699 1328 1764 locis

184 1808 394 1893 integriorem
412 1807 585 1873 lectionem
608 1809 786 1892 praestant,
810 1828 906 1890 quam
930 1805 999 1870 edd.
1022 1810 1099 1870 vett.

271 1913 331 1979 ΙΙΙ.
363 1915 470 1998 Atque
492 1915 531 1979 de
554 1913 716 1979 Eudociae
740 1917 840 1996 textu,
864 1935 958 1998 quern
982 1935 1067 1978 nunc
1086 1913 1328 1998 investigamus,

183 2044 286 2106 nuper
308 2023 411 2086 fusius
435 2021 613 2106 disputavit
640 2020 757 2104 Pulch,
781 2019 819 2085 de
842 2019 929 2086 Viol.
953 2044 983 2105 p.
1009 2020 1050 2085 73
1066 2042 1131 2104 seq.
1141 2018 1178 2104 ¹),
1207 2020 1261 2104 qui
1290 2020 1328 2084 de

184 2128 260 2193 Aldi
285 2129 426 2195 editione
450 2152 522 2195 eum
545 2129 682 2212 pendere
711 2142 749 2192 ex
772 2129 908 2213 triginta
933 2129 983 2192 vel
1011 2127 1227 2212 quadraginta
1245 2127 1327 2193 locis

182 2237 340 2301 conclusit
368 2237 484 2321 (multo
514 2240 622 2301 autem
651 2236 778 2319 saepius
802 2235 985 2301 Violarium
1009 2256 1081 2300 cum
1105 2234 1227 2301 Aldina
1250 2257 1324 2300 con-

182 2344 287 2407 cinere
309 2366 347 2407 ex
372 2349 531 2429 apparatu
555 2366 626 2409 meo
651 2341 781 2427 discas),
804 2365 1035 2427 nonnunquam
1059 2344 1158 2425 etiam
1177 2343 1216 2408 de
1236 2343 1326 2407 Basi-

181 2451 295 2534 lecnsi,
323 2473 421 2535 quam
449 2452 600 2516 meliores
627 2451 783 2516 lectiones
810 2450 941 2515 librario
970 2451 1192 2536 suppeditasse
1224 2451 1328 2533 suspi-

182 2560 273 2620 catus
289 2565 347 2623 cst
367 2558 457 2634 Quod
471 2580 566 2642 quam
579 2580 697 2623 vanum
711 2562 927 2622 commentum
943 2559 996 2640 sit,
1010 2580 1094 2623 nunc
1105 2558 1327 2622 demonstrare

182 2661 363 2750 conabor.²)
405 2665 593 2747 Praemitto,
615 2663 700 2749 quod
723 2663 899 2729 Eudociam
923 2665 974 2729 vel
998 2664 1137 2730 Violarii
1161 2668 1327 2730 auctorem

183 2815 395 2826 ——..-.

253 2913 280 2978 1)
305 2912 392 2966 Puleh
416 2911 576 2967 doctissima
600 2912 634 2966 dc
658 2911 753 2967 codice
775 2911 893 2967 Violarii
917 2912 1073 2982 disputasse
1098 2911 1150 2967 sibi
1174 2912 1249 2965 visus
1276 2912 1327 2980 est,

185 3007 247 3045 cum
262 2990 297 3046 de
312 2993 414 3047 rasuris
428 2995 457 3047 et
470 2992 682 3060 additamentis,
702 3010 773 3061 quac
788 2992 816 3046 in
830 2992 956 3062 margine
971 2995 1095 3060 exstant,
1109 2992 1217 3061 prolixe
1232 2991 1326 3060 loque·

181 3075 265 3139 retur,
286 3074 361 3142 quod
380 3073 499 3128 maxime
518 3073 610 3128 arrisit
628 3072 852 3131 Wilamowitzio.
890 3076 940 3142 At,
964 3090 1081 3142 quaeso,
1104 3073 1172 3141 quid
1191 3072 1326 3127 momenti

181 3154 245 3206 sunt
268 3169 379 3206 rasurae
402 3153 506 3207 codicis
530 3169 600 3207 saec.
622 3152 698 3220 XVI,
727 3154 750 3208 si
775 3153 898 3209 calamus
926 3153 1033 3208 librarii
1056 3171 1122 3209 casa
1144 3153 1327 3221 aberraverit,

181 3232 248 3302 qnid
268 3232 401 3302 marginis
421 3232 627 3299 additamenta,
651 3250 768 3302 quorum
787 3234 937 3289 maximam
957 3237 1064 3304 partem
1085 3233 1234 3303 adscripsit
1252 3234 1326 3288 idem

182 3309 323 3380 librarius,
346 3312 388 3367 sin
407 3317 457 3368 aut
474 3313 581 3368 incuria
600 3312 706 3382 aliquid
729 3313 854 3369 omiserit
876 3316 927 3369 aut
949 3314 972 3367 si
996 3314 1093 3368 charta
1115 3314 1236 3384 paginae
1259 3315 1326 3368 defi-

182 3391 273 3445 ciente
291 3393 374 3448 fincm
394 3393 506 3448 articuli
524 3395 552 3446 in
570 3393 697 3463 margine
712 3395 897 3465 adscripserit.
927 3395 1023 3463 Nugas
1037 3411 1104 3449 sane
1124 3410 1182 3449 esso
1197 3394 1326 3449 arbitror.

182 3472 241 3525 Neo
261 3473 370 3527 saniore
389 3473 494 3529 iudicio
513 3474 668 3544 disputavit
686 3475 819 3545 Gropius,
838 3475 936 3529 Annal.
956 3474 1025 3544 phil.
1047 3479 1113 3529 1881
1133 3493 1160 3545 p.
1175 3479 1227 3528 385
1242 3490 1299 3542 seq.

253 3554 281 3620 2)
306 3553 457 3608 Occasione
481 3553 547 3608 data
570 3555 771 3622 examinemus,
797 3571 880 3623 quam
904 3558 1034 3611 accurate
1052 3555 1140 3609 Pulch
1164 3572 1191 3624 p.
1212 3559 1245 3608 74
1260 3571 1326 3622 seq,

182 3633 229 3700 qui
248 3632 359 3701 saepius
378 3649 454 3688 meos
473 3650 579 3690 errores
598 3635 723 3702 vexavit,
743 3635 876 3690 lectiones
895 3652 957 3690 suas
976 3635 1165 3705 exscripserit,
1184 3637 1216 3688 ut
1234 3634 1326 3688 Eudo-

182 3711 241 3764 ciae
265 3712 374 3766 textum
397 3713 432 3767 de
451 3712 553 3768 Aldina
571 3715 691 3784 pendere
715 3715 846 3772 efficeret.
884 3714 958 3771 Viol.
977 3734 1003 3785 p.
1024 3721 1075 3770 248
1097 3714 1185 3785 (Vill.)
1208 3711 1327 3784 Ἰοφῶν

180 3785 285 3859 ,ζ’[ίιος,
305 3794 408 3860 Περσίς
426 3793 488 3848 edd.
508 3797 575 3851 vett.
595 3795 691 3851 Eud.“.
725 3794 763 3852 At
781 3802 803 3849 Δ
821 3797 896 3851 idem
915 3799 1039 3867 praebet
1059 3814 1085 3865 p.
1101 3802 1153 3851 268
1178 3799 1327 3864 Κτησίας

179 3867 342 3941 ,,Ἀμείνονα
361 3874 406 3927 vel
424 3869 558 3942 Ἀμείνονι
576 3876 654 3947 libri,
673 3876 803 3948 μνήμονα
823 3879 912 3932 Bas.“.
950 3875 1004 3931 Cur
1027 3894 1060 3930 ex
1078 3876 1182 3930 Aldina
1200 3876 1326 3931 Iludocia

180 3951 330 4006 lectionem
352 3953 505 4023 acceperit,
529 3973 584 4011 non
607 3958 793 4027 intellegitur,
817 3975 879 4012 oum
903 3958 1019 4027 vulgata
1042 3957 1088 4011 sit.
1125 3957 1202 4011 ldem
1225 3956 1325 4011 vitium

181 4032 304 4086 occurrit
317 4050 341 4086 v.
355 4028 630 4105 Ἀναξίμανδρος,
645 4038 719 4105 quod
733 4039 795 4092 Bas.
811 4038 902 4092 editor
916 4038 992 4093 solus
1007 4036 1132 4093 correxit.
1157 4037 1210 4091 Vix
1225 4037 1326 4106 proba-

182 4111 265 4166 bilius
285 4113 440 4183 dispntavit
458 4115 542 4170 etiam
562 4117 596 4171 de
616 4117 680 4172 vitis
699 4117 877 4171 Androclidis
898 4120 926 4171 et
944 4116 1096 4186 Agathiac,
1115 4116 1163 4170 ubi
1180 4116 1249 4171 Eud.
1265 4117 1324 4171 vul-

179 4194 275 4261 gatam
292 4195 377 4250 tenet.
392 4213 419 4264 p.
434 4201 486 4249 270
500 4197 664 4264 Κλεοφῶν
683 4193 826 4267 „Ansam
840 4198 902 4251 Ald.
919 4196 1026 4252 etl'lud.
1042 4197 1154 4252 codex.“
1173 4197 1212 4252 At
1222 4198 1325 4252 Aldina

180 4273 268 4328 habet
283 4268 432 4344 Ἠριγίνη.
456 4294 483 4345 p.
499 4283 530 4330 ‘lt
549 4272 723 4347 Ἀριγνώτη
743 4275 883 4346 „picem
898 4293 961 4331 cum
980 4277 1047 4332 solis
1066 4278 1134 4333 vett.
1149 4276 1212 4332 edd.
1226 4277 1322 4331 nuda

180 4352 219 4408 At
237 4355 305 4410 vett.
321 4355 382 4410 edd.
397 4355 504 4410 habent
517 4352 665 4426 γράφεται.
690 4377 717 4428 p.
733 4364 784 4413 426
799 4357 1001 4424 Φιλέταιρος
1019 4353 1278 4427 ,,Αίτοφι4ε’ταιρος
1295 4361 1324 4412 et

180 4431 359 4504 Νικοστρατη
375 4438 469 4490 servat
482 4453 545 4490 cum
561 4437 635 4507 vulg.
650 4437 747 4493 Eud.“.
775 4441 814 4493 At
827 4434 1004 4506 Νικοστράτη
1020 4453 1116 4492 omnes
1134 4436 1200 4492 libri
1213 4441 1324 4507 praeter

180 4518 210 4569 V.
230 4530 255 4581 p.
272 4518 324 4567 428
345 4517 534 4584 Φιλωνίδης
553 4513 703 4586 „pauperie
721 4521 780 4584 AV,
798 4513 927 4586 γναφεύς
945 4534 1008 4572 cum
1022 4516 1097 4586 vulg.
1114 4517 1209 4572 nuda
1246 4518 1284 4572 At
1301 4522 1323 4569 A
