3036 5114
658 333 870 388 HESYCHIUS.
1272 329 1336 394 203

192 498 341 587 ξάνδρον
369 499 579 584 ἐφημερίδων
611 496 665 563 καὶ
700 499 759 582 τῆς
786 492 1006 579 Ἀλεξάνδρου
1038 495 1189 578 τελευτῆς
1221 497 1334 577 βιβλία

194 608 306 690 πέντε,
331 605 472 697 Ιὲγραφε
495 605 570 691 περὶ
592 607 749 692 ποταμῶν
774 603 828 670 καὶ
852 604 987 688 κρηνῶν
1010 601 1065 668 καὶ
1088 599 1249 691 λιμνάνΙ.

282 713 437 781 ΒΟΟΙιΠ.
471 709 658 796 Στράτων
680 708 824 796 κωμικὸς
846 711 1028 798 τῆςμίσης
1045 710 1230 799 κωμῳδίας.
1266 712 1335 775 των

196 818 375 906 δραμάτων
399 817 503 887 αὐτοῦ
526 811 569 904 ῆν
596 821 722 900 Φοίνιξ.

284 927 456 994 DCCLIII.
494 925 681 1012 Στράτων
706 924 935 1012 Λαμψακηνὴς
959 921 1161 1010 φιλόσοφος,
1190 922 1367 1012 Θεοφράῡ

144 1042 152 1050 '
196 1055 277 1102 στου
295 1033 462 1120 γνώριμος
480 1033 535 1100 καὶ
556 1035 721 1121 διάδοχος,
744 1032 820 1113 υίὸς
838 1033 874 1101 δὲ
892 1031 1104 1119 Ἀρκεσιλάου
1122 1028 1341 1118 ῆἈρκεσίου,

197 1139 233 1222 ὃς
267 1141 432 1228 ἐπεκλήθη
461 1140 603 1229 φυσικὸς
631 1138 687 1208 διά
714 1138 751 1208 τὸ
781 1139 860 1227 παρ’
891 1138 1072 1208 ὁντιναοῦν
1100 1142 1342 1227 ἐπιμεληθῆναι

196 1253 254 1335 τῆς
282 1252 425 1335 φυσικῆς
452 1253 607 1334 θεωρίας.
653 1248 881 1335 [καθηγήσατο
911 1247 947 1316 δὲ
969 1248 1024 1315 καὶ
1048 1253 1260 1334 Πτολεμαίου
1282 1247 1342 1313 τοῦ

199 1357 436 1441 ἐπικληθέντος
463 1356 691 1442 Φιλαδέλφου]
715 1356 770 1424 καὶ
794 1360 916 1444 ἔγραφε
940 1361 1053 1442 βιβλία
1077 1353 1191 1423 πολλά.

287 1464 455 1532 DOOLIV.
484 1464 680 1543 Σννέσιος
694 1461 934 1544 Πενταπόλεως
956 1467 1015 1550 τῆς
1034 1465 1070 1530 ἐν
1090 1460 1200 1549 Λιβύη
1219 1465 1339 1546 Θηβαΐ-
1357 1479 1383 1517 1⁰

200 1575 269 1654 δος,
293 1569 489 1657 φιλόσοφος,
508 1571 684 1650 ἐπίσκοπος
702 1574 943 1657 Πτολεμαΐδος,
962 1572 1135 1656 ίερατικῶν
1153 1567 1342 1655 γενόμενος.

199 1684 322 1765 ἔγραψε
353 1683 467 1764 βιβλία
501 1675 649 1764 διάφορα
682 1677 891 1766 γραμματικά
923 1704 957 1746 τε
987 1677 1042 1745 καὶ
1070 1675 1257 1764 φιλάσοφα,
1288 1674 1342 1741 καλ

199 1785 321 1872 λόγους
343 1784 551 1871 βασιλικούς,
578 1782 829 1871 πανηγυρικοὺς
851 1781 871 1872 ῆ
896 1787 1148 1870 ἐπιδεικτικούς,
1178 1780 1343 1869 ἐγκώμιόν

198 1920 232 1961 τε
256 1895 440 1980 φαλάκρας,
463 1892 518 1960 καὶ
541 1891 616 1979 περὶ
637 1899 798 1979 προνοίας
816 1891 919 1979 λόγον
938 1892 1143 1980 θαυμάσιον,
1161 1889 1343 1979 Ἑλληνικῷ

200 2004 392 2089 χαρακτῆρι·
416 1999 471 2065 καὶ
490 1996 547 2078 τάς
565 2001 820 2087 θαυμαζομίυας
839 2000 1012 2079 ἐπιστολάς
1031 2000 1086 2068 καλ
1105 1998 1189 2066 άλλα
1208 2004 1343 2066 πλεῖστα
1359 2015 1384 2054 ¹⁵

202 2109 256 2175 καὶ
280 2093 428 2193 διάφορα
451 2111 564 2192 βιβλία
589 2107 754 2188 συνέταξε.

289 2214 443 2282 DOCLV.
489 2211 694 2300 Συριανὸς
723 2210 956 2301 Ἀλεξανδρεὺς
988 2213 1191 2302 φιλόσοφος,
1223 2210 1344 2300 ῆγησά-

200 2350 302 2411 μενος
328 2326 387 2409 τῆς
412 2324 448 2390 ἐν
470 2317 628 2411 Ἀθήναις
651 2325 770 2408 σχολῆς
792 2348 827 2390 τε
850 2323 905 2389 καὶ
929 2326 1116 2414 διατριβῆς,
1146 2321 1346 2400 διδάσκαλος

96 2414 155 2455 ⁵³⁹¹
201 2430 380 2517 γενόμενος
399 2427 568 2512 Πρόκλον,
593 2424 631 2508 δς
651 2429 704 2495 καλ
726 2428 882 2516 διάδοχος
901 2427 1005 2498 αὐτοῦ
1025 2431 1163 2516 ἐγένετο.
1201 2435 1345 2516 ἔγραψεν
1423 2498 1426 2503 ,

203 2537 267 2630 Ιείς
281 2535 428 2624 Ὅμηρον
451 2533 533 2605 ὅλον
551 2532 732 2623 ὑπόμνημα
751 2538 788 2604 ἐν
806 2542 949 2623 βιβλίοις
969 2536 1007 2622 ζ’,
1030 2543 1077 2618 είς
1095 2537 1157 2624 τῆν
1175 2542 1346 2605 πολιτείαν
1360 2555 1386 2593 10

204 2644 385 2724 Πλάτωνος
412 2649 524 2731 βιβλία
554 2642 600 2728 δ’,
628 2647 674 2722 είς
701 2645 764 2731 τῆν
784 2642 928 2730 Ὀρφέως
955 2651 1137 2732 θεολογίαν
1163 2650 1276 2732 βιβλία
1299 2642 1345 2730 β’,

167 2857 171 2866 .
202 2826 228 2877 p.
246 2814 294 2861 121
311 2810 341 2861 et
356 2812 406 2860 125
421 2806 492 2872 not.;
512 2805 605 2872 Danb,
626 2803 704 2858 stud.
721 2822 747 2873 p.
764 2809 796 2857 18
853 2812 884 2861 17
905 2803 1012 2876 ἔγραφε
1027 2807 1074 2861 hic
1092 2807 1154 2861 add.
1170 2806 1255 2873 Eua,
1274 2805 1348 2860 inira

203 2890 268 2942 anto
286 2886 352 2956 napi
369 2905 430 2940 ποι,
445 2890 468 2937 Δ
547 2892 560 2939 1
585 2901 657 2954 quac
680 2884 779 2955 scripsi
804 2889 949 2941 monuerat
964 2887 1143 2960 Bernhardy3
1170 2888 1217 2941 καλ
1240 2886 1305 2954 περλ
1323 2906 1346 2941 τ.

201 2963 248 3023 'Aa
267 2972 321 3022 τελ.
341 2985 362 3022 a.
384 2967 430 3022 fin.
449 2964 581 3021 exhibent
604 2982 699 3019 ornnes
718 2965 794 3033 libri3
817 2969 909 3041 βιβλία
928 2965 1012 3023 πέντε
1032 2987 1053 3022 ε.
1072 2968 1118 3022 fin.
1138 2973 1161 3020 Δ
1185 2967 1243 3035 (ηαί
1261 2966 1345 3022 stiam

203 3047 251 3102 καλ
270 3049 319 3117 τῆς
335 3043 382 3102 ’Ab
402 3049 480 3115 τελ),
500 3046 574 3115 quod
593 3048 658 3116 post
677 3041 761 3116 ίφημ.
776 3047 839 3101 edd.
854 3050 922 3103 vett.
941 3049 1188 3118 οινκλμ.1ιολ)οολ.
1218 3047 1347 3102 Ceterum

204 3129 253 3182 aut
272 3126 436 3182 Strattidem
455 3129 485 3182 ct
502 3125 681 3196 Ephipphum
697 3125 860 3195 Olynthium
880 3128 1009 3185 confusos
1023 3146 1096 3197 esso,
1117 3133 1167 3184 aut
1184 3127 1260 3183 idem
1278 3144 1348 3197 opus

205 3224 268 3261 mox
290 3207 338 3261 uni
360 3224 424 3261 mox
447 3207 529 3262 alteri
548 3208 644 3262 dotum
668 3207 812 3276 probabile
834 3212 888 3276 est;
914 3210 1028 3266 lectoris
1048 3228 1130 3265 manu
1154 3209 1201 3264 hic
1220 3208 1347 3263 additum

204 3291 286 3358 putat
304 3288 389 3342 Doub
462 3293 478 3341 2
497 3307 525 3341 π.
544 3306 604 3343 ποτ.
626 3287 764 3342 Stratonis
783 3288 892 3360 physici
912 3307 970 3345 osso
989 3291 1062 3345 vidit
1076 3292 1236 3346 Gutsobmid

206 3367 256 3422 καλ
274 3364 344 3421 ἄλλα
359 3368 422 3424 add.
438 3368 513 3422 Eud.

276 3446 396 3504 Dccnss
416 3449 491 3503 Eud.
510 3466 537 3518 p.
554 3454 613 3503 648.
647 3448 762 3505 Tractat
779 3448 908 3505 Mcinekc
926 3451 938 3503 1
957 3469 984 3519 p.
999 3456 1051 3505 426
1067 3468 1123 3521 seq.
1153 3451 1195 3504 Ab
1214 3449 1348 3519 Hesychii

206 3529 411 3598 Onomatologo
435 3528 555 3583 alienam
581 3531 664 3599 putat
683 3531 781 3594 Dant,
806 3532 840 3586 do
865 3532 941 3587 Suid.
961 3550 988 3602 p.
1008 3536 1060 3587 484
1150 3532 1349 3599 contorsione

204 3609 279 3679 apud
298 3608 399 3664 Athon.
419 3609 458 3663 IX
477 3629 503 3679 p.
519 3615 570 3664 382
844 3628 849 3637 ·

276 3689 409 3743 poenul
428 3690 503 3744 Eud.
523 3708 550 3759 p.
567 3697 626 3745 653.
664 3690 704 3747 cf.
723 3691 806 3764 Diog.
821 3693 856 3760 V,
870 3700 904 3749 58
977 3690 1198 3762 διαθηγήοατο
1215 3726 1245 3732 -
1267 3696 1350 3748 Φιλα·

206 3770 314 3840 δὲλφου
329 3788 383 3825 om.
398 3770 483 3838 Eoo„
503 3772 577 3826 carte
592 3772 716 3827 ordinem
735 3773 862 3840 turbant3
882 3775 1064 3845 transscripta
1078 3778 1142 3829 suot
1156 3792 1190 3849 cx
1203 3772 1285 3847 Diog.
1296 3776 1314 3828 1.
1326 3792 1348 3829 c.
1381 3794 1388 3813 .-

276 3850 409 3906 DCCLIV
428 3852 605 3921 σιτάριον
655 3850 1180 3912 1οΣνν.ίτιισκ.ἒκΠτ.ΠεντΕαιλ.
1233 3860 1265 3908 14
1279 3851 1350 3922 πρὸς

203 3927 345 3999 Ἀρκάδιον
359 3927 409 3986 τὸν
425 3929 541 4006 βασιλέα
552 3935 616 4003 post
627 3932 787 4004 βασιλικούς
797 3935 860 3991 add.
871 3936 956 4004 Eoo,
971 3953 1041 4006 quae
1053 3936 1181 4005 exipsius
1191 3936 1349 4006 cognitione

206 4029 267 4066 sam
277 4011 416 4066 addidisse
427 4015 509 4082 putat
517 4014 611 4081 Dauo,
622 4014 734 4071 deVi012
746 4033 772 4086 p.
784 4023 800 4071 9
839 4021 871 4070 16
881 4010 1085 4078 perhauritis
1095 4047 1128 4056 -
1139 4011 1286 4079 ἐπιστολάς
1294 4015 1349 4069 huc
1360 4053 1368 4069 .

206 4090 342 4146 collocavi
361 4091 515 4149 Eudociam
534 4097 657 4158 secutus3
676 4097 742 4164 post
765 4095 898 4161 συνέταξε
917 4095 992 4149 mals
1010 4094 1144 4152 exhibent
1162 4097 1267 4152 Soidoe
1286 4094 1349 4150 libri

277 4171 395 4226 Dochv
415 4173 491 4228 Eud.
511 4190 538 4243 p.
553 4180 618 4242 654,
637 4190 709 4242 quac
728 4192 781 4230 orn.
801 4171 977 4245 ἡγησάμενος
992 4208 1025 4216 --
1040 4172 1160 4246 ἐγένετο.
1193 4178 1233 4232 cf.
1248 4173 1349 4230 Marini

207 4252 255 4307 vit.
275 4253 368 4307 Procli
387 4273 409 4308 c.
425 4259 471 4317 263
491 4254 614 4321 lobach,
633 4255 696 4323 Agl.
711 4273 738 4325 p.
754 4262 806 4311 344
889 4262 921 4310 17
941 4254 1106 4327 ίαοκρατίων
1125 4260 1190 4327 post
1209 4261 1265 4325 φιλ.
1285 4255 1348 4310 add.

207 4336 283 4385 AVB
338 4338 372 4386 20
391 4332 485 4388 Verba
502 4334 610 4389 saclusa
627 4335 663 4388 ad
675 4334 767 4390 Procli
786 4338 875 4393 vitam
894 4339 1029 4409 spectaro,
1048 4338 1121 4393 undo
1137 4337 1249 4392 lectoris
1265 4355 1348 4391 manu

205 4411 235 4465 in
255 4411 366 4481 Syriani
387 4412 620 4483 imr‘nigravsrint,
643 4412 716 4469 vidit
734 4416 913 4488 Berrdrordm
936 4417 1049 4473 Bintcr
1065 4434 1136 4472 vers.
1157 4417 1243 4472 habet
1263 4413 1349 4487 ζήτει,

206 4491 281 4559 quod
300 4494 376 4547 recto
394 4492 546 4564 coniungas
565 4511 628 4549 cum
648 4492 688 4558 είς
706 4491 740 4549 τά
758 4493 888 4567 Πρόκλον
