3030 5108
186 293 252 359 232
651 302 865 361 HESYCHIUS.

153 526 160 539 ,
183 461 273 543 βίου,
297 459 372 544 περὶ
391 455 611 547 Ἀλεξάνδρου
634 462 786 549 καὶπερὶ
809 470 868 533 τοῦ
892 470 981 536 ίδιον
1002 467 1164 558 λογισμὸν
1184 474 1276 559 ἔχειν
1297 471 1344 540 τὰ

184 561 304 650 άλσγα,
328 567 401 651 περὶ
424 570 486 633 τοῦ
510 570 573 647 πάς
595 565 715 654 άφρων
736 572 856 653 δοῦλός
881 575 960 658 ἐστι,
983 576 1057 661 περὶ
1081 580 1139 662 τῆς
1162 581 1344 667 διαγωγῆς

183 674 250 737 τῶν
278 678 497 760 χριστιανῦν,
526 676 601 762 περὶ
629 681 707 760 βίου
735 685 959 767 θεωρητικοῦ,
990 683 1065 768 περὶ
1094 686 1227 772 ίκετῦν,
1255 687 1341 774 περὶ

183 784 344 865 γεωργίας
367 780 461 867 λόγοι
485 780 532 867 β’,
559 782 634 868 περὶ
657 784 764 869 μέθης
786 784 832 870 β’,
859 787 933 874 περὶ
956 792 1017 856 τοῦ
1043 791 1214 870 Μωυσέως
1238 796 1337 877 βίου,

158 889 232 964 σείς
260 885 299 954 τά
332 893 507 976 χερουβίμ,
534 890 682 956 τουτέστι
705 888 767 975 την
790 897 958 979 φλογίνην
982 896 1169 982 ῥομφαίαν,
1196 902 1246 978 είς
1267 897 1337 986 τὴν

183 992 407 1082 πεντάτευχον
432 998 605 1075 Μωυσέως
632 997 741 1063 καλέ
711 1000 757 1075 εἰς
781 995 885 1066 αὐτὸν
909 998 970 1068 τὸν
994 1008 1148 1091 Μωυσῆν
1171 1004 1327 1092 λόγοι’
1292 1033 1337 1077 ε.

274 1113 456 1180 D.CCCL11
496 1118 627 1179 Φίλων
652 1112 860 1200 Καρπάθιος.
908 1120 1051 1203 ἔγραψεν
1081 1116 1261 1209 ὑπόμνημα
1283 1127 1337 1203 εἰς

185 1215 223 1283 τὸ
248 1208 336 1307 ᾆσμα
359 1222 426 1286 τῶν
451 1217 615 1308 ᾀσμάτων.

273 1334 469 1402 DCCCLIH.
521 1338 747 1421 Φιλωνίδης
779 1333 971 1424 Ἀθηναίας,
1004 1339 1169 1439 κωμικὸς
1170 1340 1334 1449 ἀρχαῖος,

145 1473 169 1513 10
183 1440 348 1529 πρότερον
368 1433 443 1509 δὲ
424 1468 466 1527 ην
486 1440 642 1536 γναφεύς.
669 1468 737 1509 των
758 1445 935 1530 δραμάτων
953 1442 1058 1515 αῦτοῦ
1076 1440 1120 1535 ἦν
1139 1441 1333 1539 Κόθορνοι,

178 1546 318 1633 Ἀπήνη,
346 1551 548 1637 Φιλέταιρος.

271 1664 468 1730 DCCOLIV.
496 1665 657 1749 Φλέγων
676 1666 890 1752 Τραλλιανός,
907 1666 1132 1758 ἀπελεύθερος
1145 1677 1205 1740 τοῦ
1219 1679 1330 1761 Σεβα-
1357 1706 1410 1745 σω..

182 1772 263 1837 στοῦ
288 1775 460 1858 Καίσαρος
483 1771 533 1860 (οἱ
553 1769 590 1838 δὲ
608 1767 786 1860 Ἀδριανοῦ
810 1778 940 1863 φασιν),
964 1779 1138 1866 ἱστορικός.
1182 1785 1331 1866 ἔγραψεν

182 1873 403 1964 Ὀλυμπιάδας
433 1880 470 1945 ἐν
498 1883 641 1965 βιβλίοις
668 1879 714 1961 ις’
739 1880 822 1969 (ἔστι
850 1881 887 1948 δὲ
914 1884 1009 1969 μέχρι
1036 1888 1095 1971 τῆς
1121 1886 1200 1953 σκθ’
1225 1885 1331 1974 ὀλυμ-

141 2016 167 2057 re
183 1983 303 2064 πιάδος
325 1984 364 2054 τά
388 1988 580 2074 πραχθέντα
603 1991 799 2076 πανταχοῦ),
823 1986 863 2055 τά
887 1988 924 2056 δὲ
948 1987 1031 2058 αὐτὰ
1055 1994 1092 2059 ἐν
1115 1997 1258 2078 βιβλίοις
1281 1994 1331 2081 η’,

46 2131 75 2173 23,
180 2096 343 2181 έκφρασιν
362 2101 527 2178 Σικελίας,
550 2095 625 2180 περὶ
644 2098 837 2182 μακροβίων
856 2095 913 2162 καί
931 2102 1144 2183 θαυμασίων,
1163 2099 1238 2186 περί
1257 2104 1329 2168 τῶν

180 2197 269 2286 παρά
289 2197 462 2287 Ῥωμαίοις
486 2203 610 2286 ἑορτῶν
634 2206 747 2286 βιβλία
771 2200 815 2287 γ’,
844 2203 918 2289 περὶ
942 2207 1010 2271 των
1030 2207 1066 2272 έν
1086 2202 1194 2295 Ῥάμη
1213 2206 1329 2276 τόπων

179 2308 233 2373 καὶ
263 2298 311 2374 niv
340 2309 567 2393 ἐπικέκληνται
596 2304 789 2393 ὀνομάτων,
819 2309 978 2397 ἐπιτομὴν
1003 2308 1265 2399 Ὀλυμπιονικῶν
1290 2316 1330 2382 έν

180 2417 323 2497 βιβλίοις
345 2413 378 2498 β’
403 2413 459 2480 καὶ
482 2412 575 2481 άλλα.

141 2554 167 2593 ιο
271 2528 449 2597 DCOOLV.
480 2535 714 2617 Φοινικίδης
737 2530 891 2619 κωμικός.
927 2537 995 2601 τῶν
1017 2535 1195 2622 δραμάτων
1217 2534 1323 2606 αὐτοῦ

181 2637 249 2704 ἐστι
275 2636 464 2726 Φύλαρχος,
493 2641 708 2725 Μισουμένη,
736 2636 781 2718 ὦς
801 2635 980 2726 Ἀθήναιός
1008 2663 1112 2729 φησιν
1140 2644 1177 2711 έν
1206 2649 1252 2736 τῷ
1276 2651 1327 2733 βι-

179 2750 264 2835 βλίῳ
287 2748 355 2812 τῶν
379 2748 690 2832 Δειπνοσοφιστῶν.
740 2732 746 2738 ⁷

254 3020 267 3066 1
288 3006 379 3068 ὅτι-
396 3013 454 3084 ἔχει
468 3015 550 3082 δομλι.
605 3020 621 3065 3
636 3008 780 3082 ἡμετέρων
795 3030 845 3082 pro
859 3033 944 3084 γριστ.
959 3015 1052 3083 Sapie,
1068 3017 1116 3084 qui
1131 3017 1195 3072 edd.
1211 3019 1275 3088 περὶ
1291 3011 1326 3075 οῦ

181 3092 343 3164 ἔμπροσθεν
358 3096 474 3163 εἴπομεν
495 3096 523 3147 et
540 3088 623 3146 τοῦτό
644 3088 702 3147 ἔστι
720 3093 784 3164 περὶ
801 3090 964 3150 ἀποστόλων
978 3093 1060 3165 λόγος
1074 3095 1115 3159 είς
1169 3104 1185 3151 3
1204 3099 1326 3155 alterum

180 3174 244 3244 περὶ
259 3191 312 3228 om.
323 3173 406 3241 Soplr.
453 3181 469 3226 6
484 3173 525 3226 De
541 3171 643 3227 Suidee
659 3172 857 3230 additamentis
872 3175 930 3229 dixi
940 3176 1009 3231 Mus.
1022 3176 1109 3233 Rhen.
1122 3177 1224 3233 XXXV
1234 3199 1261 3249 μ.
1274 3186 1326 3235 192

251 3252 394 3308 Decclnl
414 3270 466 3308 om.
484 3253 620 3308 Weeterm.
656 3253 697 3307 De
717 3254 823 3324 origine
841 3255 1020 3327 Hesychiane
1037 3257 1078 3311 nil
1096 3261 1207 3315 constet

253 3335 408 3392 DCCCLlll
427 3334 501 3391 Εαδ,
521 3353 548 3405 p.
564 3340 623 3389 725.
653 3335 769 3389 Tractat
785 3334 914 3391 Meineke
934 3339 945 3391 l
964 3356 990 3406 p.
1008 3343 1058 3391 102
1073 3355 1129 3406 seq.
1186 3345 1219 3394 10
1239 3333 1271 3402 δς
1290 3333 1327 3410 ἦν

181 3419 256 3473 Eud.
312 3416 343 3472 δὲ
363 3418 426 3472 edd.
441 3423 464 3469 Δ
519 3411 768 3486 γναφεῦςΔυαλμ.
782 3417 877 3472 Eue·
897 3417 942 3487 (de
962 3434 1016 3486 quo
1031 3418 1159 3486 equidem
1179 3419 1259 3475 valde
1273 3421 1323 3476 du-

181 3499 251 3568 bito)
270 3496 396 3568 γραφεῦς
409 3504 431 3550 V
446 3499 521 3554 Εαιλ.
541 3516 605 3552 mox
623 3492 793 3568 γραμμάτων
812 3503 834 3549 V

252 3579 406 3635 DCCCLIV
426 3580 500 3634 Ειιιλ.
520 3598 547 3649 p.
563 3584 622 3634 714.
660 3578 701 3634 Cf.
721 3578 822 3632 Mliller
840 3577 878 3631 lll
897 3597 924 3647 p.
939 3585 999 3648 602,
1020 3579 1108 3649 Daub,
1128 3580 1205 3633 Stud.
1225 3597 1252 3649 p.
1267 3586 1302 3634 26

185 3666 216 3714 12
240 3655 318 3714 άπελ.
342 3677 399 3729 seq.
423 3659 527 3730 insigni
550 3659 651 3714 Suidae
679 3676 770 3714 errore
798 3662 889 3714 ortum
912 3676 972 3714 esee
996 3660 1067 3714 vidit
1089 3661 1198 3716 Vossius
1272 3662 1326 3715 τοῦ

184 3735 401 3794 Οὐεσπασιανοῦ
420 3745 453 3795 Κ.
473 3741 543 3795 coni.
563 3742 647 3796 Der-ub
704 3746 735 3794 13
756 3736 785 3793 οί
802 3737 833 3793 δὲ
852 3735 917 3810 Ἀδρ.
937 3759 1003 3809 φασ.
1023 3758 1076 3796 om.
1097 3741 1171 3796 Eud.
1201 3741 1241 3795 Cf.
1261 3742 1323 3797 cod.

182 3819 239 3874 Pal.
260 3820 334 3890 apud
351 3820 453 3875 Keller.
467 3820 530 3874 lter.
545 3823 602 3875 nat.
617 3821 711 3889 script.
726 3838 752 3889 p.
769 3827 815 3875 94:
836 3820 990 3890 Φλέγοντος
1008 3817 1204 3889 ἀπελευθέρου
1221 3818 1326 3891 Ἀδρια-

182 3902 235 3956 νοῦ
248 3904 390 3969 Καίσαρος
408 3902 472 3971 περὶ
491 3901 546 3954 τῶν
566 3894 709 3969 ὀλυμπίων
766 3906 797 3953 16
817 3897 988 3970 ἔκφρασιςν
1043 3901 1107 3969 περὶ
1124 3904 1214 3971 θαυμ.
1229 3901 1325 3969 Daub,

183 3981 232 4036 ned
247 3982 280 4035 ef.
295 3980 391 4035 Keller
404 3999 431 4050 p.
446 3986 479 4036 57
537 3987 569 4036 18
584 3980 655 4033 hane
670 3979 812 4049 epitomen
825 3998 881 4036 non
895 3983 1032 4039 diversam
1046 3999 1106 4038 esse
1123 3981 1226 4037 alibro
1241 3998 1327 4051 supra

183 4063 337 4117 memorato
357 4058 390 4114 τὰ
411 4057 439 4114 δ’
460 4058 533 4117 αὐτὰ
554 4059 585 4117 ἐν
605 4061 720 4133 βιβλίοις
739 4057 768 4130 η’
788 4061 860 4115 vidit
880 4063 992 4129 Μάλα,
1011 4063 1106 4131 itaque
1125 4064 1174 4117 aut
1192 4079 1276 4131 supra
1295 4060 1324 4135 β’

183 4162 233 4216 pro
253 4140 281 4213 η’
303 4142 511 4212 corrigendum,
534 4145 583 4197 aut
596 4143 642 4198 hie
664 4139 690 4212 η’
711 4160 760 4213 pro
780 4138 818 4213 β’,
837 4144 872 4198 de
892 4161 946 4213 quo
966 4145 1000 4199 ef.
1019 4142 1131 4211 Itohde,
1151 4142 1196 4198 Gr.
1216 4142 1326 4197 Reman

183 4246 210 4297 p.
221 4231 273 4280 402
283 4226 350 4293 not,
364 4223 456 4294 priore
472 4223 533 4278 loeo
547 4224 669 4283 alteram
683 4224 772 4295 operie
783 4225 948 4280 divisionem
957 4226 1049 4282 notari
1059 4229 1154 4281 eeneet
1164 4226 1326 4280 (iuteclemid

254 4305 395 4362 DCCCLV
415 4305 491 4360 Eud.
510 4323 537 4375 p.
558 4310 616 4359 7215.
655 4307 770 4361 Tractat
787 4306 915 4361 Meineke
934 4308 946 4361 l
964 4325 991 4377 p.
1005 4311 1056 4361 481
1135 4311 1168 4360 21
1189 4307 1326 4376 Φίλαρχος

184 4389 260 4444 Eud.
315 4385 483 4458 Μισουμένη
501 4391 524 4437 Δ
547 4387 811 4457 Μισουμένους·ΒΕ
835 4385 1003 4459 μισούμενος
1027 4383 1063 4449 ῦς
1082 4381 1230 4455 Ἀθηναῖος
1247 4386 1324 4443 Eud.

184 4488 239 4539 μισ.
260 4465 296 4532 ὡς
313 4464 460 4538 Ἀθήναιος
477 4465 573 4523 Eue*
606 4467 646 4522 cf.
666 4470 765 4525 Athen.
786 4470 811 4525 X
830 4489 856 4541 p.
871 4476 936 4539 415,
956 4467 1019 4522 XIV
1038 4486 1065 4538 p.
1081 4472 1132 4520 652
