3036 5114
602 337 816 394 HESYCHIUS.
1236 336 1278 400 59

229 502 417 570 COXXVII.
460 505 568 568 Δίων
607 497 625 570 δ
660 497 808 580 Κάσσιος
840 503 1058 588 χρηματίσας,
1091 495 1108 566 ό
1143 500 1279 585 ἐπίκλην

138 608 305 695 Κοκκήιος
323 609 373 697 (oi
386 607 422 676 δὲ
437 606 673 696 Κοκκηιανός),
690 605 848 692 Νικαεύς,
869 605 1044 694 ἱστορικός,
1063 604 1209 692 γεγονὼς
1226 606 1280 674 ἐπὶ

136 720 205 783 τῶν
234 714 368 803 χρόνων
392 714 614 801 Ἀλεξάνδρου
641 719 701 782 τοῦ
728 719 898 802 Μαρκίας·
949 720 1072 801 ἕίθαψε
1093 711 1280 801 Ῥωμαϊκὴν

139 826 290 910 ίστορίαν
314 824 512 908 dedidicere
529 821 567 888 π’
587 824 812 911 (διαιροῦνται
834 820 871 889 δὲ
890 818 972 888 κατὰ
991 819 1161 909 δεκάδας),
1175 820 1181 911 Ι
1196 829 1280 906 Περ-

137 927 225 1014 σικά,
244 933 275 997 Γ
272 927 371 1012 ετικά,
386 928 392 1022 Ι
410 926 554 1014 Ἑνόδια,
573 927 612 996 τὰ
631 925 713 996 κατὰ
732 926 912 1014 Τραϊανόν,
930 932 1007 1013 βίον
1023 923 1202 1014 Ἀρριανοῦ
1219 931 1307 996 τοῦτ

55 1088 56 1094 ι
139 1037 339 1124 φιλοσόφου.

227 1164 432 1232 CCXXVIII.
462 1170 574 1231 Δίων
595 1161 612 1232 ὁ
637 1161 870 1248 Πασικράτους
888 1160 1097 1250 Προυσαεός,
1122 1159 1283 1248 σοφιστής

136 1272 191 1339 καί
222 1271 424 1357 φιλόσοφος,
455 1267 496 1338 ὃν
527 1270 766 1359 λζρυσόστομον
800 1270 968 1338 ἐκάλεσαν.
1014 1267 1219 1338 ἀντεποιεῖτο
1244 1267 1281 1336 δὲ

138 1377 353 1465 σεμνότητος,
382 1376 428 1458 ὡς
449 1379 504 1445 καὶ
528 1382 668 1464 λεοντῆν
691 1381 808 1464 φορῶν
831 1377 993 1462 προιέναι.
1038 1369 1081 1463 ήν
1106 1376 1142 1444 δὲ
1166 1373 1283 1455 λεπτὸς

23 1508 42 1535 ι.»
55 1504 85 1533 ιν
139 1484 175 1554 td
195 1489 301 1572 σῶμα,
319 1487 375 1553 καί
395 1485 541 1569 διέτριψε
558 1483 596 1552 τὸ
615 1493 770 1552 πλείστου
787 1483 877 1570 παρὰ
895 1487 1049 1575 Τραϊανῷ
1063 1487 1108 1574 τῷ
1125 1488 1281 1569 Καίσαρι,
1297 1504 1322 1544 1⁰

139 1590 184 1674 ὡς
205 1594 260 1661 καί
285 1594 549 1679 συγκαθέζεσθαι
573 1593 610 1659 ἐν
638 1594 682 1682 τῷ
707 1594 866 1682 βασιλικῷ
891 1588 1040 1677 ὀχήματι.
1086 1596 1230 1679 ἔγραψεν
1255 1595 1285 1659 εί

139 1698 292 1787 φθαρτὸς
316 1697 334 1768 ὁ
353 1700 488 1786 κόσμος,
512 1697 676 1786 ἐγκώμιον
690 1695 892 1785 Ἡρακλέους
909 1698 965 1765 καί
984 1697 1177 1784 Πλάτωνος,
1200 1695 1283 1785 ὑπὲρ

136 1804 281 1894 Ὁμήρου
303 1806 388 1896 πρὸς
406 1798 573 1875 Πλάτωνα
597 1805 642 1891 δ’,
667 1806 741 1892 περὶ
764 1809 832 1873 τόν
847 1802 1069 1889 Ἀλεξάνδρου
1092 1804 1218 1893 ἀρετῶν
1242 1808 1285 1892 η’.

228 1933 403 2000 ccxxix.
441 1939 474 1998 Δ
484 1959 494 1998 ι
506 1931 532 1999 τό
545 1935 560 2012 ξ
572 1959 583 1997 ι
594 1955 617 1997 π
626 1954 650 1997 π
660 1958 678 1996 ο
690 1958 706 2009 ς
730 1928 908 2016 Ἀθηναῖος
935 1929 1087 2016 κωμικός.
1134 1927 1284 2015 δράματα

138 2035 243 2106 αὐτοῦ
264 2036 598 2124 Ἀντιπορνοβοσκός,
622 2036 844 2125 Φιλάργυρος,
860 2033 1142 2126 Ἱστοριογράφος,
1165 2039 1282 2104 Διαδι-
1299 2059 1324 2100 ιτ
1367 2112 1369 2116 Ι

139 2144 323 2231 καζόμενοι.

139 2418 218 2461 τινας
236 2398 301 2453 add.
316 2397 392 2452 Eud
415 2393 509 2469 [ἄλλα]
529 2398 578 2451 καλ
597 2393 746 2466 διαλόγους
764 2394 885 2461 πολλοδς
903 2395 976 2455 κατὰ
993 2402 1108 2470 μίμησιν
1124 2395 1284 2465 Πλάτωνος,

142 2496 212 2548 quee
232 2480 318 2533 verbe
338 2480 388 2533 eut
406 2495 471 2533 eeeu
489 2480 564 2549 apud
583 2478 698 2534 Suidam
716 2478 890 2534 intercidisse
914 2483 963 2535 eui
978 2480 1064 2550 ipsius
1082 2479 1224 2534 Eudoeiae
1243 2478 1284 2532 in-

137 2560 221 2629 genio
235 2560 366 2628 supplete
380 2575 439 2614 esee
455 2558 576 2614 obtinuit
588 2559 680 2613 Daub.
711 2558 818 2629 Operae
832 2562 953 2631 pretium
969 2563 1011 2615 eet
1024 2561 1182 2615 adscribere
1197 2559 1283 2615 schel.

138 2639 247 2694 Platon.
264 2639 303 2693 VI
321 2657 348 2709 p.
364 2646 416 2695 390
429 2640 537 2695 Herm:
558 2642 633 2694 Δίων
653 2635 668 2693 δ
687 2639 896 2709 Συρακούσιος,
911 2636 1074 2710 Ἱππαρίνου
1093 2637 1146 2710 μἐν
1163 2635 1226 2702 υίὸς
1240 2631 1284 2708 ήν,

138 2716 316 2786 άνεψιαδοῦς
341 2719 373 2776 δε
398 2724 550 2776 Διονυσίου
574 2722 624 2775 τοῦ
648 2718 799 2787 προτέρου,
827 2718 899 2776 κατά
923 2719 955 2777 δὲ
979 2719 1139 2790 οἰκειότητα
1163 2721 1212 2789 τῆς
1237 2739 1284 2789 γυ-

137 2798 236 2862 ναικός
253 2795 342 2855 αότοῦ
357 2796 548 2870 Ἀριστομάχης
562 2796 696 2870 άδελφός,
717 2798 824 2877 εὐφυΐᾳ
843 2801 874 2859 δὲ
895 2803 943 2857 καὶ
957 2804 1151 2873 μεγαλοψυχίᾳ
1170 2800 1219 2855 καὶ
1238 2820 1283 2868 φι-

136 2882 246 2956 λοτιμίᾳ
270 2878 416 2949 διαφέρων
440 2877 651 2950 τοῦιγενέσθαι
678 2878 755 2943 τινὸς
777 2878 864 2949 ἄξιος.
903 2878 1065 2952 Ἱππαρῖνος
1091 2878 1145 2951 γάρ
1173 2882 1284 2935 παίδων

136 2955 225 3014 όντων
245 2955 319 3032 αότςό
343 2960 399 3014 τῶν
421 2960 486 3028 περὶ
506 2961 616 3027 Δίωνα,
644 2962 729 3027 τριῶν
753 2959 804 3032 μὲν
827 2960 912 3032 οἰῶν,
937 2964 1022 3033 τριῶν
1048 2960 1080 3017 δὲ
1106 2960 1283 3032 θυγατέρων,

136 3041 274 3095 τελευτῶν
299 3037 348 3095 τὸν
364 3042 436 3136 βίον
465 3036 616 3110 ἐπίτροπον
643 3039 795 3096 Διονύσιον
814 3042 983 3112 κατέστησεν
1002 3041 1108 3098 οίκείον
1128 3038 1211 3111 ὄντα,
1235 3041 1283 3095 καί

137 3116 189 3183 τάς
206 3127 343 3191 γυναῖκας
358 3141 419 3191 αμα
438 3119 486 3175 καί
504 3118 555 3183 τὰς
573 3117 660 3190 κόρας
678 3119 797 3190 διέθηκε
817 3124 916 3193 γήμαι,
943 3118 1137 3193 Ἀριστομάχην
1156 3120 1209 3192 μὲν
1231 3116 1283 3189 τήν

137 3198 331 3274 πρεσβυτάτην
355 3197 456 3269 αότόν,
481 3197 533 3264 τὰς
554 3200 586 3256 δὲ
610 3197 710 3264 λοιπὰς
733 3209 791 3264 τοῖς
814 3196 949 3269 άδελφοῖς
973 3200 1063 3258 αὐτοῦ
1089 3205 1205 3272 δοῦναι,
1231 3208 1283 3257 Λε-

138 3283 222 3353 πτίνη
247 3301 277 3336 τε
302 3281 350 3335 καλ
375 3283 509 3352 Θεαρίδῃ.
551 3280 599 3335 καὶ
625 3273 699 3352 οότιμ
723 3279 822 3352 γε’γονε
849 3280 1051 3352 τελευτησάσης
1075 3284 1124 3351 τῆς
1148 3285 1284 3349 Λοκρίδος

138 3356 227 3417 αότοῦ
246 3358 395 3430 γυναικός,
416 3357 447 3416 ἐκ
462 3361 491 3429 (l.
507 3357 548 3431 ἐξ)
562 3352 596 3430 ἧς
612 3355 739 3430 ἐγεγόνει
754 3357 831 3435 αὐτῷ
846 3360 995 3425 Διονύσιος
1010 3359 1025 3417 ὁ
1040 3360 1190 3431 νεώτερος,
1210 3358 1283 3432 δμά-

138 3461 224 3511 νυμος
247 3437 325 3515 αὐτῷ
349 3439 418 3504 οἷός.
458 3440 558 3498 Totum
583 3441 707 3497 scholion
737 3440 771 3495 de
795 3442 934 3512 Hesychio
962 3443 1083 3512 pendere
1110 3446 1184 3497 reete
1212 3443 1285 3498 vidit

143 3519 292 3588 Μιίλαατν,
312 3522 345 3576 de
364 3522 450 3576 schol.
471 3522 542 3578 Plei.
561 3541 588 3592 p.
607 3527 641 3576 69

209 3600 331 3656 CCXVII
350 3603 425 3660 Eud.
440 3610 537 3673 p.223.
562 3602 602 3659 cf.
618 3599 836 3672 τ.1(οκκηιανός
894 3600 1121 3665 λΚοκκιάνοςῚ
1171 3600 1218 3659 ἐπί
1234 3600 1281 3659 Ἀλ.

138 3681 190 3735 τοῦ
208 3684 436 3752 Μαμαίαςιοοτε
455 3683 538 3739 solito
558 3685 633 3738 Eud.
711 3681 905 3752 3ΜαμέουΔ
959 3680 1114 3753 ουντέθηκε
1135 3685 1211 3740 Eud.

46 3791 51 3801 ·
139 3766 156 3815 4
179 3753 271 3830 όνπερ
295 3759 343 3815 καί
361 3763 411 3817 τοῦ
433 3763 598 3835 Παταβινοῦ
618 3766 717 3836 Λιβίου
741 3766 807 3833 post
828 3761 953 3826 δεκάδας
975 3763 1038 3819 edd.
1058 3764 1134 3821 Eud.
1211 3770 1281 3836 Περ·

139 3837 203 3895 τικά
229 3841 346 3896 Dinonis
372 3859 443 3911 eree,
472 3860 553 3912 quem
580 3860 643 3898 eum
670 3844 760 3898 Dione
785 3844 955 3912 confuderit,
983 3846 1092 3899 monuit
1115 3845 1283 3913 Gubebmid,

141 3916 242 3976 Γετικά
266 3921 372 3992 primus
399 3922 461 3979 add.
486 3925 589 3990 Αίδαο,
613 3924 747 3994 expunxit
764 3925 914 3991 Κιιείεναε,
941 3923 988 3992 qui
1011 3926 1086 3978 reete
1109 3924 1146 3978 ad
1165 3920 1282 3980 Dio'nem

140 4001 367 4072 Ohryeostomum
385 4003 496 4058 rettulit
513 4004 576 4060 coll.
595 4003 755 4060 Philostrab.
775 4004 831 4060 vit.
852 4007 878 4071 1,
898 4011 913 4059 ’ί

209 4082 371 4138 ccxxvlss
390 4085 465 4139 Eud.
484 4102 511 4153 p.
532 4090 583 4138 239
607 4088 664 4152 φιλ.
689 4085 737 4138 καί
760 4104 824 4154 σοφ,
844 4087 919 4140 Eud.
958 4086 1076 4153 Πατικρ.
1095 4081 1158 4148 υίὸς
1180 4076 1216 4154 ἦν
1236 4082 1282 4141 ἐπὶ

139 4165 165 4215 T
164 4183 219 4228 ραι.
238 4163 314 4218 Eud.
389 4170 420 4218 12
440 4164 488 4218 καὶ
508 4161 659 4228 Πλάτωνος
678 4183 731 4220 om.
747 4166 823 4220 Eud.
886 4171 917 4219 13
936 4163 1036 4234 λόγους
1055 4163 1191 4235 τέσσαρας
1205 4166 1280 4223 Eud.

137 4238 238 4311 λόγους
257 4238 330 4298 όκτιδ
350 4243 399 4298 καὶ
417 4238 488 4298 άλλα
506 4244 582 4300 Eud.

209 4332 343 4389 ccxxlx
363 4333 437 4388 Eud.
457 4351 483 4403 p.
503 4340 569 4401 229,
588 4351 659 4403 quae
677 4336 751 4390 mele
767 4332 907 4400 Δέξιππος
926 4334 1042 4402 praebet
1098 4333 1222 4389 uidem
1242 4335 1281 4389 vi-

137 4410 207 4464 tium
227 4411 342 4466 Suidem
365 4432 390 4467 v.
410 4417 576 4480 Κωρυκαῖος
599 4415 708 4471 obsidet
727 4415 810 4486 (unde
836 4431 904 4469 corr.
923 4413 1030 4469 Fabrie.
1050 4412 1120 4468 Bibl.
1145 4429 1235 4482 graec.
1256 4415 1280 4469 ΙΙ

136 4507 163 4560 p.
184 4494 259 4562 436),
283 4491 318 4546 de
337 4509 391 4562 quo
410 4512 436 4550 v.
455 4492 584 4550 Meineke
603 4495 615 4548 I
632 4514 659 4568 p.
679 4501 746 4565 485,
766 4496 859 4568 θοοὶ),
879 4495 914 4553 de
933 4493 1006 4550 Viol.
1024 4512 1051 4567 p.
1073 4501 1105 4549 le
