3036 5114
233 350 285 405 XX
663 351 947 410 Paonadonann.

234 517 323 581 visus
350 540 435 600 sum,
464 517 548 602 quod
574 518 702 603 saepius
727 516 842 583 Suidas
866 519 1114 603 grammaticam
1138 520 1280 605 glossam
1304 543 1378 586 oon·

234 622 318 687 fudit
351 646 422 688 oum
456 623 682 709 biographiea,
714 626 765 689 vel
796 625 915 691 addens
949 628 1048 692 verba
1078 623 1204 711 ὄνομα
1237 626 1378 709 κύριον

235 728 289 815 (cf.
306 726 499 810 Ἀπτιανός,
519 725 741 816 Ἀρκεσίλαος,
767 731 1002 816 Δικαιογένης,
1026 731 1248 817 Κοκκηιανός,
1272 733 1379 800 Μελέ-

234 862 346 923 αγρος,
372 838 551 921 Μέλισσος,
575 841 784 924 Σιμπλίκιος,
807 836 965 925 Σκάμων,
986 837 1152 925 Σώφιλος,
1174 841 1379 926 Φιλέταιρος,

234 945 421 1031 Χαρίτων),
453 947 503 1010 vel
536 969 646 1011 casum
678 947 819 1011 nominis
857 948 1077 1032 genetivum
1117 944 1172 1034 (of.
1206 948 1380 1032 Δέξιππος,

223 1045 370 1136 Ἴστρος,
394 1050 490 1115 Λέων
515 1055 589 1131 Βυζ.
614 1033 674 1136 (λ),
697 1048 850 1136 Νύμφις,
874 1056 1001 1136 Χίλων,
1023 1048 1215 1140 Ἀραρωςῑ),
1239 1055 1379 1121 fortasse

234 1159 424 1239 Γενέθλιος,
445 1157 552 1241 Λέων,
572 1155 778 1243 Παλλάδιος,
799 1157 953 1245 Λαχάρης
973 1160 1026 1243 [of.
1040 1159 1144 1245 Dauo,
1162 1161 1253 1238 Stud.
1267 1185 1297 1246 p.
1312 1163 1379 1243 601,

234 1264 403 1350 Χαρίτων)
428 1266 478 1330 vel
498 1266 637 1331 adiciens
657 1266 797 1330 cuiusvis
818 1267 945 1351 generis
965 1268 1141 1349 regulam
1165 1265 1219 1350 (of.
1237 1263 1379 1355 Ἀρίων),

234 1372 284 1436 vel
303 1372 469 1458 quidpiam
489 1374 527 1438 de
545 1374 676 1439 nomine
696 1372 802 1437 urbis
822 1371 875 1457 (cf.
890 1367 1014 1458 Ἱεράν.
1035 1370 1242 1458 Καρδιανός)
1262 1377 1311 1440 vel
1332 1377 1377 1440 in·

233 1501 327 1544 anem
351 1481 493 1566 aliquam
517 1481 676 1559 voculam,
700 1503 781 1564 quas
801 1479 911 1544 deesse
934 1481 963 1544 ei
981 1480 1154 1565 videretur,
1178 1482 1267 1547 velut
1288 1484 1378 1566 ἔφα-

234 1605 306 1652 σαν
329 1610 359 1652 v.
379 1582 581 1672 Ἰσοκράτης,
610 1584 735 1670 ὄνομα
761 1587 811 1652 vel
840 1582 1015 1671 τοῦνομα
1044 1611 1072 1652 v.
1093 1583 1277 1666 Ἰουλιανὸς
1304 1610 1379 1676 παρ.

186 1760 190 1767 ,
227 1689 371 1780 Ἱπποκρ.
392 1697 479 1778 Κῶς,
500 1693 675 1780 Πολέμων,
699 1695 773 1760 fort.
790 1689 968 1778 Ἀθήναιος
982 1692 1039 1780 (λ),
1059 1696 1244 1780 Πίνδαρος,
1263 1702 1378 1762 Πυθα-

233 1798 345 1887 γόρας,
365 1792 481 1880 οὗτος
504 1827 532 1868 v.
548 1798 682 1885 Ἰάσων,
707 1803 769 1866 alia
795 1826 823 1865 v.
845 1797 1010 1884 Λυγκεύς,
1035 1800 1240 1887 Μεσομήδης
1264 1801 1317 1889 (of.
1336 1805 1377 1868 ad

232 1932 261 1974 v.
287 1906 454 1995 Φρύνιχος
476 1934 540 1994 τρ.,
568 1912 767 1992 Τυραννίων
794 1932 851 1992 νε,
878 1906 1087 1995 Φιλάμριος),
1112 1933 1307 1996 quamquam
1337 1913 1377 1976 ab

232 2015 388 2102 Hesychii
407 2041 496 2083 more
515 2016 779 2103 discrepantum
804 2039 967 2101 exponens
991 2019 1059 2081 eius
1082 2040 1177 2102 quem
1197 2019 1380 2103 perlegerat

232 2124 308 2189 libri
327 2127 496 2191 materiam
517 2122 558 2210 (v.
570 2120 755 2209 Ἰάμβλιχος
774 2124 829 2208 al.;
853 2124 892 2189 of.
907 2123 988 2190 Mus.
1004 2124 1105 2190 Rhen.
1120 2124 1244 2190 XXXV
1259 2150 1288 2211 p.
1304 2127 1379 2209 202,

232 2256 262 2317 p.
283 2233 357 2297 204.
379 2232 472 2319 seq),
505 2232 556 2296 vel
589 2233 755 2316 corrigens
786 2231 959 2297 lectionem
989 2233 1143 2299 traditam
1175 2233 1278 2298 altero
1307 2233 1378 2298 loeo

233 2340 318 2405 male
346 2340 524 2422 intellecto,
555 2340 643 2404 velut
671 2362 699 2402 v.
729 2335 961 2424 Πορφάριος
993 2340 1112 2405 addens
1139 2339 1289 2425 Ἀμελίου
1307 2341 1379 2410 Ιτοῦ

233 2451 266 2511 et
293 2447 463 2532 μαθητοῦ,
492 2467 661 2530 perperam
691 2445 795 2509 relata
822 2445 937 2510 vocula
961 2433 1002 2510 οὗ
1026 2446 1058 2511 in
1086 2452 1308 2524 allisimus
1339 2448 1378 2512 ad

232 2554 410 2637 Amelium,
433 2576 515 2639 quae
539 2553 649 2636 potius
669 2557 795 2637 spectat
820 2552 860 2616 ad
879 2552 1044 2617 Plotinum
1065 2553 1216 2639 (similem
1238 2577 1378 2621 errorem
1492 2588 1503 2600 —

233 2661 431 2726 admiserunt
455 2659 529 2724 Luc.
553 2659 744 2724 Holstenius
770 2658 809 2723 de
831 2661 888 2724 vit.
911 2659 1069 2744 Porphyr.
1089 2683 1114 2726 ο.
1137 2660 1185 2726 VI
1209 2665 1243 2726 et
1267 2666 1379 2726 Kuste-

232 2768 310 2852 rus).
357 2768 413 2832 Bis
442 2768 507 2832 iam
537 2748 701 2832 erraverat
730 2768 762 2831 in
796 2767 904 2853 glossa
937 2789 965 2832 v.
992 2762 1180 2852 Ἀμέλιος,
1213 2791 1307 2853 quam
1342 2791 1379 2833 ex

232 2876 415 2960 Porphyrio
440 2875 554 2939 misere
583 2874 806 2940 conformavit
853 2874 922 2950 Quo
944 2874 1080 2959 saepius
1106 2874 1316 2959 factumest,
1342 2879 1379 2939 ut

232 2982 444 3068 biographiea
476 2983 586 3067 glossa
618 2981 755 3065 posthae
789 3004 922 3066 prorsus
955 2982 1122 3046 evanuerit
1155 2982 1209 3068 (ef.
1231 2976 1378 3064 Ἀκύλας,

229 3086 412 3176 Ἀμειψίας,
451 3084 635 3170 Ἀναξίλας,
668 3083 866 3172 Ἀντνλλος,
905 3083 1129 3174 Ἀρκεσίλαος,
1167 3086 1380 3176 Δωσιάδηςῗ)

234 3201 423 3282 Δωσίθεος,
458 3192 633 3281 Εὐγαίων,
657 3196 867 3279 Μελέαγρος,
884 3190 1072 3281 ’ονήσιμος,
1097 3191 1287 3274 Οὐλπιανὸς
1305 3199 1379 3274 Γαζ.

233 3302 480 3391 Σιμκλίκιοςῧ),
502 3301 665 3388 Σκάμων,
688 3299 908 3385 Τουσκιανός,
929 3306 1081 3388 Χαρίτων
1103 3304 1197 3385 [Eud.
1217 3327 1245 3369 v.
1266 3297 1381 3386 Δαμά-

234 3413 351 3497 ξενος)
397 3413 569 3479 Librorum
593 3411 692 3476 etiam
715 3411 861 3475 tabulam
886 3411 1017 3476 omnino
1037 3410 1212 3476 desiderari
1237 3412 1286 3476 vel
1310 3432 1377 3474 mu·

234 3636 385 3691 conflatam
409 3653 468 3691 esse
495 3649 630 3689 censeam.
676 3631 759 3686 Cuius
786 3634 893 3701 partem
917 3632 1040 3701 aliquam
1063 3632 1149 3688 verbo
1174 3633 1255 3686 tenus
1279 3628 1380 3684 Suidse

233 3716 385 3771 adhaerere
404 3716 476 3769 vidit
494 3714 580 3770 etiam
599 3712 731 3778 Ausl'eld,
750 3713 785 3766 de
805 3711 923 3781 Oppian.
943 3729 969 3780 p.
987 3717 1019 3765 10
1039 3710 1124 3782 (Lips.
1143 3714 1229 3778 1876).

306 3801 331 3867 1)
352 3797 466 3867 Legitur
479 3794 553 3851 enim
568 3795 597 3848 in
612 3793 725 3864 optimis
740 3792 819 3846 libris
831 3787 947 3860 Ἀραρώς
962 3790 1009 3844 καλ
1025 3792 1148 3846 κλίνεται
1160 3786 1270 3858 Ἄραρα,
1286 3783 1378 3859 ὥσπερ

233 3873 342 3948 άμνάς,
361 3872 454 3947 άμνά,
474 3872 583 3944 τνφάς,
602 3867 697 3941 sopri,
716 3888 788 3940 quae
807 3872 894 3927 verba
912 3871 1018 3927 delevit
1035 3871 1178 3927 Kasterus.

304 3959 331 4026 2)
352 3956 440 4022 Quam
456 3955 590 4025 ambigua
604 3955 641 4009 sit
655 3955 717 4008 tota
731 3953 799 4007 haee
815 3951 951 4020 quaestio,
966 3969 1010 4007 me
1028 3969 1085 4007 non
1099 3949 1181 4020 fugit.
1204 3950 1378 4017 Quamquam

233 4037 279 4092 hio
298 4053 408 4106 quoque
427 4035 524 4107 negari
543 4035 653 4105 nequit,
673 4032 809 4088 eiusmodi
827 4032 935 4104 glossas
955 4032 1070 4087 mutilas
1088 4031 1209 4087 vitarum
1228 4046 1308 4100 posse
1323 4029 1377 4083 Hs-

233 4117 428 4187 syohianarum
452 4117 571 4171 frustula
599 4132 671 4182 esse;
700 4114 794 4182 itaque
821 4114 922 4168 addere
951 4130 1035 4182 quam
1064 4111 1193 4167 omittere
1221 4110 1315 4164 malui.
1344 4140 1376 4147 -

232 4199 382 4253 Praeterea
400 4201 494 4252 autem
514 4213 624 4265 moneo,
642 4211 676 4249 ax
691 4195 728 4264 gl.
745 4188 882 4262 Ἰσίδωρος
900 4189 1132 4263 πρεσβύτερος
1151 4189 1220 4243 duos
1235 4188 1377 4257 cognomi·

232 4283 313 4333 natos
333 4278 370 4332 ab
389 4278 527 4348 Hesychio
547 4275 701 4346 descriptos
719 4274 805 4329 fuisse
829 4275 914 4339 effici,
939 4290 1055 4344 quorum
1080 4272 1199 4325 alterum
1223 4271 1378 4339 neglexerit

233 4359 345 4424 Suidas,
364 4358 393 4412 id
411 4358 486 4427 quod
505 4356 667 4426 saepissime
686 4355 790 4409 factum
811 4371 870 4408 esse
888 4353 968 4423 patet
987 4351 1031 4420 (of.
1052 4351 1088 4404 ad
1107 4370 1132 4405 v.
1153 4348 1306 4416 Μνασέας).

305 4445 332 4508 3)
352 4438 406 4493 Ubi
424 4457 457 4492 ox
476 4438 569 4506 glossa
583 4434 767 4506 biographiea
786 4436 935 4503 supersunt
953 4433 1037 4488 verba
1057 4429 1097 4502 [ὁ]
1119 4429 1287 4500 φιλόσοφος,
1305 4447 1377 4498 qnos

233 4520 359 4588 plerique
379 4518 549 4574 deleverunt,
