3036 5114
598 336 812 395 HESYCHIUS.
1214 332 1277 397 189

26 518 90 549 ⁵⁸²2
133 496 175 592 ἦν
200 506 365 593 κεραμέως
389 502 444 571 καὶ
467 503 606 588 γέγονεν
627 500 680 569 ἐπὶ
704 505 765 569 τοῦ
789 501 923 587 πρώτον
941 502 1161 584 Πτολεμαίου.
1199 494 1279 584 δροί-
1319 506 1338 529 ”

135 640 220 700 ματα
245 611 282 679 δὲ
305 609 411 679 αὐτοῦ
434 607 562 696 κωμικδι
584 607 731 697 τραγικός,
746 606 810 694 λη’.

222 720 409 788 DOXOVII.
434 714 599 804 Ῥοῦφος
618 713 769 804 Ἐφέσιος
793 713 916 801 ἰατρός,
939 710 1086 800 γεγονὼς
1109 713 1160 780 ἐπὶ
1184 719 1279 799 Τραί-
1337 709 1340 715 ’

134 829 219 895 ανοῦ
250 824 313 894 σὺν
341 830 500 912 Κρίτωνι.
550 824 684 911 φέρεται
714 819 818 890 αὐτοῦ
846 826 959 907 βιβλία
987 827 1137 905 πλεῖστα,
1171 820 1203 900 ἐξ
1231 808 1281 903 τόν
1318 821 1438 905 φαῖν’(

133 935 189 1025 καί
215 937 331 1000 ταῦτα·
361 932 436 1020 περὶ
460 935 588 1017 διαίτης
611 929 651 1017 ε’,
681 930 756 1015 περὶ
781 934 908 1024 διαίτης
936 927 1107 997 πλεόντων
1131 925 1176 1012 α’,
1206 925 1307 1014 περὶς

134 1044 366 1127 τραυματικών
395 1036 581 1126 φαρμάκων
610 1036 655 1123 α’,
684 1037 761 1124 περὶ
788 1039 1038 1124 τραυματισμοῦ
1065 1031 1206 1120 ἄρθρων
1236 1032 1281 1117 α’,

135 1148 209 1233 περὶ
237 1146 351 1214 σύκων
378 1145 425 1231 α’,
453 1145 529 1233 περὶ
556 1148 614 1231 τῆς
641 1141 779 1231 ἀρχαίας
808 1147 956 1230 ἰατρικῆς
978 1148 1111 1229 βιβλίον
1134 1141 1179 1228 α’,
1207 1140 1281 1226 περὶ

136 1254 298 1341 γάλακτος
320 1259 454 1340 βιβλίον
478 1251 523 1337 α’,
547 1251 621 1339 περὶ
647 1260 745 1318 οίνου
768 1255 902 1337 βιβλίον
926 1249 973 1335 α’,
996 1249 1070 1336 περὶ
1094 1250 1232 1336 μέλιτος.

223 1361 428 1428 DOXCVHI.
465 1365 640 1444 Σαβῖνος
664 1355 835 1444 σοφιστής,
858 1355 1006 1443 γεγονὼς
1029 1359 1081 1425 ἐπὶ
1102 1354 1281 1444 Ἀδριανοῦ

136 1473 315 1555 Καίσαρος.
369 1473 514 1555 ἔγραψεν
552 1464 738 1552 εἰσαγωγὴν
774 1467 829 1533 καλ
864 1462 1042 1544 ὑποθέσεις
1073 1467 1283 1552 μελετητικῆς
1297 1501 1321 1540 10

135 1573 217 1661 ὕλης
251 1579 324 1659 [είς]
358 1579 471 1661 βιβλία
504 1573 550 1660 δ’,
583 1578 630 1653 είς
657 1576 871 1660 Θουκυδίδην
904 1573 959 1640 καὶ
984 1570 1201 1641 ’Λκουσίλαον
1226 1570 1281 1640 καὶ
1323 1648 1326 1653 ,

135 1680 257 1761 ἄλλους
279 1678 500 1769 ὑπομνήματα
525 1683 579 1749 καὶ
603 1681 698 1769 ἕτερά
722 1707 798 1749 τινα
822 1680 1005 1768 ἐξηγητικό.

93 1867 98 1892 Ι
224 1790 396 1858 DOXCIX.
429 1789 735 1877 Σαγχωνιοίθων
754 1788 876 1875 Ῥόριος
894 1788 1092 1876 φιλόσοφος,
1112 1785 1149 1868 ὃς
1165 1789 1282 1874 γέγονε

53 1894 67 1917 “
96 1904 100 1911 ’
136 1896 219 1965 κατὰ
253 1895 293 1964 τδι
328 1896 469 1983 Τρωικά.
513 1896 587 1985 περὶ
615 1900 673 1983 τῆς
695 1893 822 1984 Ἑρμοῦ
848 1902 1083 1984 φυσιολογίας,
1112 1894 1184 1982 ἥτις
1209 1922 1282 1988 μετ-

139 2002 306 2097 εφρβσβη,
325 2003 446 2092 πάτρια
464 2010 597 2092 Τυρίων
617 2007 656 2092 τῆ
674 2008 844 2072 Φοινίκων
863 2006 1033 2096 διαλέκτῳ,
1052 2001 1283 2091 Αἰγυπτιακὴν
1297 2041 1322 2080 15

137 2111 374 2198 θεολογίανκαὶ
398 2109 481 2178 ἅλλα
504 2110 588 2179 τινα.

226 2219 319 2288 DCC.
367 2217 660 2305 Σαγχωνιόθης
689 2216 859 2297 Σιδώνιος
891 2215 1012 2304 σοφός,
1043 2232 1113 2298 τοῖς
1147 2216 1282 2306 χρόνοις

1393 598 1436 629 ln'I

42 770 98 821 δύο

136 2412 216 2489 cipp
236 2432 306 2471 eurr.
326 2416 478 2483 Guissord).
513 2414 552 2470 cf.
573 2417 718 2485 praeterea
739 2413 832 2485 Lydus
847 2415 882 2469 de
897 2416 970 2486 Mag.
987 2417 1008 2484 I,
1026 2423 1059 2471 41
1075 2411 1230 2486 Ῥίυθυυα,
1250 2408 1281 2478 ὃς
1362 2478 1365 2483 ,
1405 2476 1440 2501 ,Ι
1470 2480 1473 2487 ¹

138 2492 300 2567 ἑξαμέτροις
319 2494 425 2565 ἔγραψε
445 2495 553 2562 πρῶτος
571 2498 735 2568 κωμῳδίαν,
754 2493 784 2562 lt
804 2486 838 2550 οδ
853 2497 962 2565 πρῶτος
976 2494 1070 2567 λαβιδν
1085 2495 1136 2560 τὰς
1150 2493 1282 2568 α’φορμιλς
1363 2497 1373 2515 “”
1410 2479 1475 2509 ””

139 2579 286 2640 Λουκίλιος
301 2571 474 2645 δῬωμαῑος,
489 2580 518 2630 et
532 2592 603 2644 quus
617 2575 773 2645 disputavit
788 2575 909 2643 θλίνίοκ,
927 2577 989 2634 fust.
1009 2577 1048 2632 III
1064 2596 1090 2647 p.
1107 2583 1166 2632 486.
1201 2578 1252 2632 Cet
1269 2609 1280 2619 —

140 2676 202 2712 rum
222 2658 442 2727 φλυακομραφία
456 2661 506 2713 AV
525 2660 742 2726 φλυαρογραφία
757 2662 778 2709 B
795 2657 830 2711 nl.
854 2660 1074 2727 φυλακονραφία
1093 2659 1174 2727 vulp,
1193 2659 1224 2712 nt
1242 2657 1282 2711 vi-

137 2738 217 2793 detur
289 2737 491 2792 ieiunant
510 2758 587 2807 τραγ.
605 2738 676 2807 vulp.
728 2733 810 2797 25‘V
1287 2734 1289 2738 ’

208 2817 355 2873 ocxcvss
373 2819 448 2872 Eud.
468 2836 495 2887 p.
511 2825 562 2872 622
621 2825 638 2872 l
658 2815 799 2886 φιλόπονα
820 2821 889 2893 βιβλ.
912 2820 978 2876 Pur.
994 2827 1065 2876 2624
1080 2820 1127 2892 (H)
1183 2827 1199 2875 6
1220 2816 1281 2888 ἤτοι

139 2894 264 2967 έφοδίων
283 2903 347 2969 post
366 2894 397 2952 α’
411 2898 475 2954 edd.
495 2900 571 2954 Eud.
649 2904 664 2952 7
688 2899 724 2954 ad
739 2897 833 2954 τόκων
851 2902 915 2958 add.
934 2907 957 2955 V
980 2902 1068 2965 συκᾶς
1086 2901 1161 2970 λέγει
1179 2897 1215 2956 τὰ
1235 2920 1281 2956 συ-

137 2976 243 3049 κάμινα
266 2976 350 3049 πάθη
374 2980 440 3048 ιτερλ
466 2975 518 3048 τὴν
546 2978 632 3048 ἕδραν
657 2977 807 3050 γινόμενα,
832 2980 1014 3036 nihilominus
1043 2983 1147 3036 σικυῶν
1172 2982 1283 3052 flagitet

137 3059 304 3130 Bernhardy
380 3066 397 3116 8
419 3060 485 3130 περὶ
508 3061 587 3115 οἴνου
610 3062 658 3114 καλ
682 3060 790 3129 μέλιτος
814 3060 845 3115 ἓν
864 3062 939 3116 Eud.
964 3078 1035 3133 quae
1058 3060 1122 3116 add.
1143 3062 1207 3130 περὶ
1227 3061 1281 3117 τῶν

137 3140 186 3194 τοῦ
206 3134 362 3206 ἀνθρώπου
384 3141 488 3209 μορίων
508 3134 574 3208 δόο,
592 3140 657 3209 περὶ
676 3135 765 3195 ὀστῶν
785 3139 824 3196 έν.
859 3141 898 3196 cf.
914 3142 1025 3198 Uuters.
1041 3162 1066 3214 p.
1082 3150 1127 3197 36.
1154 3142 1195 3198 De
1210 3144 1281 3198 libro

138 3219 372 3290 περ1-μορίων
391 3222 447 3289 (vel
465 3221 531 3290 περὶ
549 3215 702 3290 ὀνομασίας
720 3221 775 3276 των
790 3243 812 3276 τ.
828 3243 855 3277 α.
870 3226 919 3292 μ.),
940 3224 1018 3278 euius
1037 3224 1180 3295 epitomen
1199 3224 1280 3280 hodio

138 3302 231 3354 extare
245 3302 350 3369 notum,
366 3301 400 3355 cf.
416 3302 527 3357 doctum
542 3301 761 3373 ‹uspututionem
775 3303 892 3374 ItohdeI,
912 3305 946 3359 de
961 3306 1030 3360 Poll.
1045 3305 1114 3360 font.
1129 3325 1155 3375 p.
1171 3312 1204 3359 83
1215 3322 1281 3374 seq„

139 3380 188 3449 qui
206 3381 309 3435 nostris
328 3381 471 3436 codicibus
489 3383 557 3438 dues
576 3383 657 3437 huius
681 3382 771 3438 libelli
793 3385 897 3439 formes
916 3389 1041 3439 servatus
1064 3403 1124 3440 esse
1144 3387 1280 3456 exposuit,

138 3462 167 3514 et
180 3459 288 3529 Diuisit
308 3460 427 3532 Doxogr.
442 3479 469 3532 p.
484 3469 549 3529 208,
568 3463 616 3532 qui
631 3463 690 3533 ipse
704 3464 852 3533 descripsit
870 3482 903 3518 ex
923 3464 983 3519 eod.
994 3465 1057 3520 Vat.
1077 3461 1281 3536 ὀνοματοποιία

138 3543 187 3611 τῆς
201 3542 250 3595 τοῦ
266 3536 422 3609 ἄνθρωπον
436 3541 553 3606 θέσεως.
572 3544 613 3599 De
629 3542 821 3598 additamento
838 3545 976 3601 Endoeiee
991 3547 1095 3601 erravit
1107 3547 1193 3600 Pulch
1208 3564 1235 3615 p.
1247 3551 1280 3599 88

207 3623 370 3678 DCXCVIII
387 3624 462 3679 Ειαί.
482 3644 509 3694 p.
525 3631 577 3679 640
632 3631 647 3679 9
667 3626 803 3696 Σαβῖνος,
823 3622 913 3694 ῥήτωρ
932 3627 1007 3682 Eud.
1068 3635 1100 3683 10
1119 3625 1207 3694 είααγ,
1223 3643 1279 3695 seq.

140 3704 300 3772 suspectum
314 3704 445 3770 Καοίιτο,
462 3703 511 3772 qui
526 3705 596 3759 coni.
613 3704 662 3761 εία.
678 3707 726 3760 καί
740 3700 881 3762 ὑπόθεσιν
891 3706 926 3739 **
937 3708 996 3776 (nbi
1006 3709 1124 3763 nominis
1134 3709 1280 3778 genetivus
1295 3715 1306 3735 '

138 3783 295 3850 exciderit),
314 3782 379 3853 περὶ
397 3789 456 3854 μελ.
467 3786 519 3841 ete.
545 3781 843 3851 Ceterumiuuos'ussc
860 3787 1117 3846 καταλιπόντων
1137 3791 1293 3860 μελετικὴς’

137 3868 208 3937 vulp.
225 3866 299 3922 Εαδ.
356 3873 387 3920 11
408 3865 449 3928 εἰς
464 3868 555 3939 βιβλία
570 3866 635 3922 libri
650 3863 681 3922 ἐν
696 3870 811 3938 βιβλίοις
826 3871 901 3927 Eud.
921 3874 1014 3944 βιβλία
1034 3889 1102 3927 corr.
1113 3873 1281 3943 Bernhardy

209 3946 344 4002 DCXCIX
363 3964 417 4001 om.
435 3947 569 4001 Westeum.
606 3946 646 4002 of.
665 3949 815 4020 Eusebius,
834 3953 931 4022 Praep.
952 3969 994 4008 ev.
1013 3954 1025 4006 Ι
1045 3970 1068 4007 c.
1083 3960 1108 4021 9,
1128 3952 1230 4009 Mulier
1247 3956 1281 4011 fr.

138 4025 203 4081 hist.
219 4026 258 4080 III
271 4046 298 4097 p.
314 4033 365 4082 663
381 4030 410 4081 et
424 4044 494 4096 qnue
511 4027 722 4098 disputaverunt
734 4031 841 4101 Rohde,
855 4034 926 4089 Mus.
942 4034 1029 4088 lthen.
1044 4034 1162 4088 XXXIII
1176 4053 1203 4105 p.
1221 4040 1280 4104 178,

138 4104 299 4176 Buudissin,
318 4107 435 4163 Studien
455 4127 502 4162 zur
521 4109 610 4163 semit.
625 4110 933 4183 Religionsgesehichte
948 4116 959 4167 I
974 4133 1000 4185 p.
1018 4121 1032 4169 1
1048 4132 1104 4186 seq.
1160 4123 1191 4170 13
1206 4119 1280 4184 Σαγ·

138 4185 285 4255 χονιιίθων
303 4193 326 4240 Δ
349 4191 533 4243 Σουνιαίθων
552 4189 627 4243 liibri
647 4193 747 4250 Athen.
767 4195 806 4248 III
824 4213 851 4265 p.
869 4201 932 4266 126,
956 4195 1004 4251 ubi
1024 4211 1119 4251 verum
1139 4197 1211 4251 vidit
1230 4196 1280 4251 Cu·

137 4269 277 4322 suubonus
368 4276 400 4335 14
424 4273 642 4325 commentatum
670 4290 730 4329 esse
754 4276 900 4331 Philonem
923 4276 1054 4347 Byblium
1077 4277 1187 4332 monuit
1210 4277 1280 4332 Gut-

137 4348 240 4402 echmid
259 4343 497 4404 οο11.Ἐθωθεῶν
515 4350 607 4418 (scrib.
628 4355 777 4426 Θωθείων)
796 4359 869 4428 apud
888 4359 990 4415 Miller
1007 4358 1047 4412 ΙΙΙ
1066 4378 1092 4429 p.
1108 4365 1159 4413 672

141 4433 173 4482 16
192 4423 296 4497 πάτριά
314 4449 343 4483 τε
363 4435 386 4482 Δ

209 4507 277 4568 DCC
292 4508 387 4564 Vitem
403 4514 569 4584 sei-vnvitv3
585 4535 753 4592 quemquam
768 4519 885 4577 alterum
900 4520 1001 4592 prioris
1016 4520 1204 4577 reeensiuuem
1220 4539 1279 4578 esse
