3036 5114
647 342 859 400 HESYCHIUS.
1258 341 1324 404 231

68 541 118 577 ιιι.
180 507 232 574 ἐπὶ
264 509 331 574 τῶν
366 504 499 594 χρόνων
536 509 604 574 τῶν
641 501 739 591 ἐγγὺς
768 504 929 590 Νέρωνος
966 502 1019 569 καλ
1052 501 1245 590 παρέτεινεν
1279 506 1326 581 είς
1347 536 1353 545 ·
1372 502 1397 553 ‘⁴-
1418 499 1465 561 λεν

180 613 322 701 μακρόν·
351 611 479 682 ῦπατον
507 617 593 700 γοῦν
616 615 772 699 Σεβήρον
798 608 858 678 τὸν
880 607 1051 696 Ἑρέννιον
1079 615 1325 697 χρηματίσαντα

181 710 1482 814 Mfflwmfflfflfflwfflmmmfflffl

181 826 363 915 ὀλυμπιάδι
392 825 428 894 δέ
456 826 488 893 κ’
516 826 572 894 καὶ
600 827 823 913 διακοσιοστή.
864 825 1044 912 γέγραπται
1074 823 1111 891 δέ
1139 822 1229 916 αὐτῷ
1253 825 1327 912 περὶ

180 931 1354 1024 mmmmffimmfflfflwfflmfflssmfflfflwmh

181 1040 240 1123 οῦς
261 1044 380 1129 ἑκάστη
399 1038 511 1110 αὐτῶν
530 1040 689 1122 ἐνδόξους
711 1038 829 1126 ήυεγκε
852 1044 964 1126 βιβλία
988 1038 1031 1124 λ’,
1044 1040 1129 1127 ’περὶ
1152 1044 1210 1126 τῆς
1232 1046 1327 1125 βασι-

182 1157 270 1232 λείας
290 1149 483 1235 Ἀδριανοῦ,
506 1145 560 1235 ἐφ’
586 1139 627 1216 οὗ
650 1148 705 1215 καλ
728 1139 771 1234 ήν
796 1144 814 1215 ό
841 1152 973 1234 Φίλων,
996 1147 1051 1214 καλ
1075 1143 1167 1215 άλλα.

271 1257 336 1343 [ὅτι
360 1255 484 1336 ῦπατος
506 1258 644 1342 γέγονεν
668 1251 686 1322 ὁ
714 1258 828 1322 Φίλων
844 1253 1011 1342 Ἐρέννιος
1033 1259 1251 1342 χρηματίσας,
1283 1252 1327 1334 ῶς

184 1361 283 1446 αῦτός
306 1370 412 1451 φησι]

272 1471 437 1539 Decem.
483 1474 616 1538 Φίλων
651 1467 815 1549 Ἰουδαῖος
851 1467 981 1556 τεχθεὶς
1018 1469 1055 1535 ἐν
1085 1465 1326 1559 Ἀλεξανδρεία,
1342 1491 1368 1530 1⁰

184 1580 303 1664 γένους
326 1579 453 1667 ἱερέων,
478 1574 711 1663 φιλοσοφήσας
731 1575 768 1643 δέ
786 1574 825 1644 τὰ
840 1573 1011 1662 Ἑλλήνων
1029 1578 1076 1655 είς
1094 1576 1176 1662 μέγα
1195 1576 1326 1666 προύβη

184 1689 350 1769 παιδείας,
379 1683 423 1763 ῶς
449 1690 622 1771 μετελθεῖν
650 1685 761 1750 πᾶσαν
788 1679 964 1770 ἕλληνικήν
987 1686 1179 1769 παίδευσιν,
1207 1683 1269 1771 τήν
1292 1711 1327 1753 τε

182 1796 250 1860 τῶν
279 1793 460 1887 ἐγκυκλίων
487 1790 705 1877 καλουμένων
731 1789 787 1858 καὶ
814 1789 873 1871 τὰς
899 1787 1017 1870 λοιπάς
1039 1789 1233 1878 ἐπιστήμας,
1264 1791 1328 1860 σὺν

182 1896 314 1984 ἀκριβεῖ
333 1884 524 1985 καταλήψει.
562 1894 745 1984 ἐπλοότησέ
765 1924 800 1965 τε
823 1896 927 1984 λόγον
950 1895 1139 1985 παρόμοιον
1159 1897 1328 1986 Πλάτωνι,
1361 1896 1364 1903 ’

184 2003 229 2085 ῶς
251 2006 306 2074 καλ
325 2009 373 2085 είς
390 2010 573 2094 παροιμίαν
590 2002 669 2092 παρ’
683 2001 821 2092 Ἕλλησι
840 2008 938 2073 τοῦτο
957 2009 1105 2094 χωρήσαι
1126 2000 1162 2091 ‘ri
1182 2004 1327 2074 Πλάτων
1343 2027 1368 2068 ιε
1431 2026 1484 2070 .ι.,ι

185 2119 353 2200 φιλωνίζει
376 2108 397 2200 ή
424 2119 538 2181 Φίλων
561 2113 784 2192 πλατωνίζει’·
812 2110 957 2200 τοσαύτη
981 2112 1072 2181 ἐστὶν
1093 2109 1249 2198 ὁμοιότης
1271 2116 1329 2199 τής

182 2248 216 2290 τε
248 2225 401 2300 διανοίας
426 2221 482 2287 καὶ
513 2218 667 2307 φράσεως
694 2222 755 2288 τοῦ
783 2215 908 2307 άνδρός
935 2217 1018 2308 πρὸς
1045 2218 1221 2288 Πλάτωνα.
1273 2221 1328 2288 καί

183 2335 301 2398 τοίνυν
333 2330 513 2418 γέγραπται
546 2322 635 2418 αὐτῷ
668 2331 781 2413 βιβλία
813 2324 947 2416 ἄπειρα,
980 2328 1013 2409 ἐξ
1047 2316 1095 2395 ῶν
1127 2325 1183 2393 καὶ
1212 2330 1378 2403 ταῦτα·ἰ.ζ
1400 2350 1448 2387 ιιι

167 2437 257 2524 ,περὶ
281 2434 471 2523 συγχύσεως
494 2436 655 2519 γλωσσῶν
679 2436 812 2519 βιβλίον
836 2430 885 2518 α’,
908 2432 983 2521 περὶ
1007 2431 1139 2520 φύσεως
1158 2435 1214 2502 καὶ
1233 2432 1330 2523 εῦρή-

182 2569 284 2630 ματος
311 2541 357 2629 α’,
385 2543 461 2630 περὶ
489 2532 537 2609 ῶν
565 2537 647 2607 κατὰ
676 2542 762 2607 νοῦν
789 2566 839 2619 τις
867 2537 994 2627 εὔχεται
1023 2539 1066 2623 α’,
1095 2542 1169 2627 περὶ
1192 2542 1328 2611 παιδεό-
1344 2567 1370 2606 ιι

183 2669 267 2729 σεως
292 2647 339 2734 α’,
374 2649 449 2736 περὶ
477 2645 690 2735 κληρονόμου
718 2649 785 2715 τῶν
812 2651 919 2716 θείων
946 2646 1149 2736 πραγμάτων
1178 2648 1222 2737 α’,
1254 2651 1328 2739 περὶ

184 2760 347 2844 μερισμοῦ
370 2763 454 2823 ίσων
477 2754 533 2822 καὶ
556 2755 719 2821 ἐναντίων
743 2752 789 2838 α’,
812 2754 978 2842 περὶτῶν
1014 2758 1118 2842 τριῶν
1138 2756 1328 2843 δυνάμεων,
1423 2745 1426 2751 ’

182 2865 256 2951 περὶ
289 2865 534 2958 ἐναλλαγεισῶν
568 2862 657 2948 παρά
688 2885 807 2945 τινων,
841 2861 914 2948 περὶ
938 2865 1131 2947 ,συνθηκῶν
1159 2862 1254 2948 λόγοι
1282 2863 1328 2950 β’,

182 2970 256 3058 περὶ
287 2975 364 3055 βίου
393 2968 600 3056 φιλοσόφου,
636 2968 710 3055 περὶ
739 2969 905 3054 γιγάντων
935 2966 982 3054 α’,
1014 2968 1089 3056 περὶ
1118 2965 1261 3057 όνείρων
1288 2969 1329 3046 ε’,

184 3077 258 3162 περὶ
288 3075 478 3163 ζητημάτων
506 3075 561 3142 καλ
591 3074 850 3163 ἑρμηνευμάτων
874 3080 932 3163 τής
960 3076 1080 3158 ἐξόδου
1105 3075 1146 3162 ε,
1173 3077 1247 3164 περὶ
1270 3081 1369 3163 τήςεε

186 3188 310 3271 σκηνῆς
339 3184 395 3250 καί
429 3180 614 3267 δεκαλόγου
647 3182 708 3277 δ’,
728 3183 804 3270 περὶ
834 3185 983 3269 θυσιῶν,
1014 3185 1090 3272 περὶ
1117 3181 1329 3272 ὑποσχέσεων

183 3288 259 3376 ήτοι
278 3292 442 3379 καταρῶν,
466 3289 541 3376 περὶ
560 3293 730 3377 προνοίας,
749 3289 823 3378 περὶ
841 3288 1016 3359 Ἰουδαίων
1036 3291 1081 3377 α’,
1105 3291 1180 3377 περὶ
1198 3288 1329 3378 άγωγής

256 3556 267 3602 l
291 3550 327 3603 cf.
342 3548 440 3619 Niese‚
461 3549 555 3619 Sheph.
572 3549 634 3616 Byz.
648 3566 676 3618 p.
691 3554 724 3602 27
793 3553 809 3601 2
833 3545 955 3618 Μάρκον
970 3548 1040 3604 coni.
1052 3547 1199 3618 Westerm„
1218 3549 1329 3604 etiamsi

186 3630 273 3685 verba
290 3630 366 3685 τιτλε
384 3646 413 3683 se
429 3629 544 3696 δωρεαῖς
565 3628 599 3682 cf.
614 3628 713 3693 Daub,
731 3627 766 3683 de
781 3627 856 3683 Suid.
871 3646 899 3698 p.
914 3632 966 3681 438
985 3628 1042 3683 not.
1058 3635 1092 3684 28
1111 3629 1174 3683 coll.
1190 3648 1216 3684 v.
1231 3625 1328 3700 Ἑρμο-

185 3707 281 3778 γένης,
305 3704 415 3763 ὕπατον
438 3741 471 3749 -
495 3710 604 3763 διακοτ.
628 3726 681 3764 om.
701 3707 776 3763 Eua.
875 3715 891 3763 3
914 3706 1024 3762 εἰδέναι
1048 3711 1077 3763 et
1099 3728 1163 3767 mox
1188 3704 1234 3764 ὅτε
1258 3709 1329 3765 coni.

191 3788 326 3843 λλίειιτκι.
347 3783 434 3852 αότὸς
452 3791 517 3860 post
535 3783 604 3844 ὅταν
623 3788 703 3859 ponit
719 3789 823 3843 Μαλίετ
882 3794 899 3842 4
918 3787 1087 3858 olympiadis
1106 3808 1253 3846 numerum
1272 3808 1330 3846 cor-

185 3872 297 3940 ruptum
317 3886 376 3924 εεεε
395 3872 488 3940 patet,
507 3865 568 3924 εντ’
589 3870 714 3936 winton,
733 3869 808 3926 Fani.
824 3869 855 3923 ii.
871 3886 895 3924 ιι.
911 3874 954 3938 47,
973 3868 1022 3923 red
1041 3869 1074 3924 ci.
1094 3870 1192 3925 Rohde
1211 3871 1229 3925 l.
1249 3890 1272 3926 c.

185 3955 201 4003 θ
222 3946 419 4020 ἐπιγράμματα
438 3951 531 4020 βιβλία
550 3946 578 4005 δ’
593 3949 656 4004 add.
672 3949 747 4005 Ειιιί.
808 3951 921 4022 βιβλίων
941 3955 1032 4005 om.V
1087 3957 1103 4006 8
1122 3951 1157 4006 de
1176 3952 1220 4007 his
1239 3951 1330 4007 verbis

186 4031 321 4100 corruptis
336 4031 370 4084 οί.
386 4031 495 4085 Uniers.
510 4049 536 4100 p.
552 4037 595 4099 71,
613 4031 713 4086 Rohde
726 4030 744 4084 l.
759 4047 782 4085 ο.
797 4033 854 4086 not.
870 4037 886 4084 3
905 4028 1054 4099 γέγονεδέ
1070 4029 1119 4084 καλ
1133 4025 1241 4096 ῦπατος
1258 4028 1328 4100 παρ’

189 4105 278 4164 αὐτοῦ
298 4109 373 4165 Eud.
406 4109 447 4164 Ci.
466 4130 492 4165 v.
510 4105 651 4178 Ἐρέννιος

256 4188 386 4245 Decem
404 4190 480 4244 Eud.
499 4208 525 4260 p.
541 4195 601 4246 721.
629 4190 723 4245 Pauca
741 4190 858 4261 praebet
878 4191 1064 4248 Ριιαιίο-Ηεε.
1080 4212 1103 4249 ο.
1119 4201 1160 4249 74.
1188 4195 1227 4248 Cf.
1243 4192 1329 4247 etiam

186 4261 359 4331 Sophronias
374 4280 396 4316 c.
414 4267 459 4329 11,
479 4263 508 4316 et
522 4278 578 4330 qua
591 4261 649 4316 dixi
662 4262 732 4316 Mur.
747 4263 835 4317 Rhen.
850 4261 966 4319 XXXVI
980 4283 1006 4335 p.
1023 4271 1074 4320 62³1
1130 4272 1162 4318 14
1178 4261 1330 4327 Πλάτωνος

186 4341 262 4395 Eud.
319 4346 350 4395 19
369 4338 398 4394 α’
420 4359 473 4396 om.
488 4341 569 4410 Soph.
642 4347 676 4394 20
695 4336 841 4413 εόχόμεθα
859 4343 908 4397 καλ
927 4337 1207 4414 άπομαρτυροόμεθα
1226 4342 1309 4412 Soph.

186 4425 219 4473 21
236 4419 292 4472 τῶν
307 4435 361 4475 om.
377 4420 457 4491 Soph.
513 4428 547 4476 23
562 4421 680 4490 γραφῶν
693 4422 757 4491 posi
773 4419 862 4479 ἐναλλ.
877 4423 941 4478 add.
953 4424 1034 4493 δογίι.
1088 4429 1123 4478 24
1138 4424 1327 4492 φιλοσοφαιοῦ

186 4499 268 4569 δογίι.
283 4499 347 4568 περὶ
361 4502 410 4555 τοῦ
421 4496 486 4563 τοὺς
497 4496 624 4571 ὀνείρους
633 4497 711 4572 παρά
719 4505 794 4560 θεοῦ
808 4502 973 4575 πέμπεσθαι
983 4504 1065 4573 Soph.
1102 4509 1136 4558 27
1147 4502 1327 4574 a'om.Soph.
