<?xml version="1.0" encoding="UTF-8"?>
<!DOCTYPE html PUBLIC "-//W3C//DTD XHTML 1.0 Transitional//EN"
    "http://www.w3.org/TR/xhtml1/DTD/xhtml1-transitional.dtd">
<html xmlns="http://www.w3.org/1999/xhtml" xml:lang="en" lang="en">
 <head>
  <title>
</title>
<meta http-equiv="Content-Type" content="text/html;charset=utf-8" />
  <meta name='ocr-system' content='tesseract 3.04.00' />
  <meta name='ocr-capabilities' content='ocr_page ocr_carea ocr_par ocr_line ocrx_word'/>
</head>
<body>
  <div class='ocr_page' id='page_1' title='image "./hesychiimilesii01flacgoog_0063.png"; bbox 0 0 3036 5114; ppageno 0'>
   <div class='ocr_carea' id='block_1_1' title="bbox 224 305 936 362">
    <p class='ocr_par' dir='ltr' id='par_1_1' title="bbox 224 305 936 362">
     <span class='ocr_line' id='line_1_1' title="bbox 224 305 936 362; baseline 0.001 -3"><span class='ocrx_word' id='word_1_1' title='bbox 224 305 286 360; x_wconf 88' lang='lat' dir='ltr'><strong>LVI</strong></span> <span class='ocrx_word' id='word_1_2' title='bbox 653 305 936 362; x_wconf 73' lang='lat' dir='ltr'><strong>PROLEGOMXNA.</strong></span> 
     </span>
    </p>
   </div>
   <div class='ocr_carea' id='block_1_2' title="bbox 190 461 1368 663">
    <p class='ocr_par' dir='ltr' id='par_1_2' title="bbox 190 461 1368 663">
     <span class='ocr_line' id='line_1_2' title="bbox 190 461 1368 555; baseline -0.001 -20"><span class='ocrx_word' id='word_1_3' title='bbox 190 461 258 542; x_wconf 62' lang='lat' dir='ltr'><strong>stet</strong></span> <span class='ocrx_word' id='word_1_4' title='bbox 281 469 449 535; x_wconf 86' lang='lat' dir='ltr'><strong>Athenaeo</strong></span> <span class='ocrx_word' id='word_1_5' title='bbox 474 476 572 554; x_wconf 84' lang='lat' dir='ltr'><strong>esset,</strong></span> <span class='ocrx_word' id='word_1_6' title='bbox 601 469 870 554; x_wconf 84' lang='lat' dir='ltr'><strong>quemadmodum</strong></span> <span class='ocrx_word' id='word_1_7' title='bbox 894 470 1122 555; x_wconf 73' lang='lat' dir='ltr'>Aristophanis</span> <span class='ocrx_word' id='word_1_8' title='bbox 1148 469 1299 554; x_wconf 79' lang='lat' dir='ltr'>Byzantii</span> <span class='ocrx_word' id='word_1_9' title='bbox 1328 470 1368 535; x_wconf 93' lang='lat' dir='ltr'><strong>ad</strong></span> 
     </span>
     <span class='ocr_line' id='line_1_3' title="bbox 225 576 1161 663; baseline 0.001 -22"><span class='ocrx_word' id='word_1_10' title='bbox 225 576 418 642; x_wconf 84' lang='lat' dir='ltr'><strong>Callimachi</strong></span> <span class='ocrx_word' id='word_1_11' title='bbox 442 577 580 642; x_wconf 86' lang='lat' dir='ltr'><strong>tabulas.</strong></span> <span class='ocrx_word' id='word_1_12' title='bbox 625 577 671 642; x_wconf 76' lang='lat' dir='ltr'><strong>nt</strong></span> <span class='ocrx_word' id='word_1_13' title='bbox 694 600 762 643; x_wconf 87' lang='lat' dir='ltr'><strong>rem</strong></span> <span class='ocrx_word' id='word_1_14' title='bbox 785 578 820 642; x_wconf 93' lang='lat' dir='ltr'><strong>in</strong></span> <span class='ocrx_word' id='word_1_15' title='bbox 842 578 948 643; x_wconf 90' lang='lat' dir='ltr'><strong>medio</strong></span> <span class='ocrx_word' id='word_1_16' title='bbox 972 578 1161 663; x_wconf 84' lang='lat' dir='ltr'><strong>relinquam.</strong></span> 
     </span>
    </p>
   </div>
   <div class='ocr_carea' id='block_1_3' title="bbox 141 693 1373 2278">
    <p class='ocr_par' dir='ltr' id='par_1_3' title="bbox 141 693 1373 2278">
     <span class='ocr_line' id='line_1_4' title="bbox 141 693 1369 778; baseline -0.004 -16"><span class='ocrx_word' id='word_1_17' title='bbox 141 699 200 778; x_wconf 70' lang='lat'><strong>§4</strong></span> <span class='ocrx_word' id='word_1_18' title='bbox 313 694 402 759; x_wconf 82' lang='lat' dir='ltr'><strong>Inter</strong></span> <span class='ocrx_word' id='word_1_19' title='bbox 429 694 620 778; x_wconf 87' lang='lat' dir='ltr'><strong>praecipuos</strong></span> <span class='ocrx_word' id='word_1_20' title='bbox 648 693 803 778; x_wconf 86' lang='lat' dir='ltr'><strong>Hesychii</strong></span> <span class='ocrx_word' id='word_1_21' title='bbox 831 694 936 760; x_wconf 86' lang='lat' dir='ltr'><strong>fontes</strong></span> <span class='ocrx_word' id='word_1_22' title='bbox 965 693 1182 759; x_wconf 89' lang='lat' dir='ltr'><strong>numerandus</strong></span> <span class='ocrx_word' id='word_1_23' title='bbox 1210 698 1260 758; x_wconf 91' lang='lat' dir='ltr'><strong>est</strong></span> <span class='ocrx_word' id='word_1_24' title='bbox 1282 693 1369 757; x_wconf 91' lang='lat' dir='ltr'><strong>Phi·</strong></span> 
     </span>
     <span class='ocr_line' id='line_1_5' title="bbox 225 795 1371 886; baseline 0 -20"><span class='ocrx_word' id='word_1_25' title='bbox 225 802 327 867; x_wconf 88' lang='lat' dir='ltr'><strong>lonis</strong></span> <span class='ocrx_word' id='word_1_26' title='bbox 352 800 483 884; x_wconf 87' lang='lat' dir='ltr'><strong>Byblii</strong></span> <span class='ocrx_word' id='word_1_27' title='bbox 510 799 586 885; x_wconf 79' lang='grc' dir='ltr'><strong><em>περὶ</em></strong></span> <span class='ocrx_word' id='word_1_28' title='bbox 611 797 743 866; x_wconf 84' lang='grc' dir='ltr'><strong><em>πόλεων</em></strong></span> <span class='ocrx_word' id='word_1_29' title='bbox 766 801 861 885; x_wconf 85' lang='lat' dir='ltr'><strong>liber,</strong></span> <span class='ocrx_word' id='word_1_30' title='bbox 888 801 922 865; x_wconf 93' lang='lat' dir='ltr'><strong>id</strong></span> <span class='ocrx_word' id='word_1_31' title='bbox 945 801 1030 886; x_wconf 91' lang='lat' dir='ltr'><strong>quod</strong></span> <span class='ocrx_word' id='word_1_32' title='bbox 1053 795 1371 884; x_wconf 77' lang='grc' dir='ltr'><strong>661.Ἡρωδιανός</strong></span> 
     </span>
     <span class='ocr_line' id='line_1_6' title="bbox 225 907 1371 995; baseline -0.002 -21"><span class='ocrx_word' id='word_1_33' title='bbox 225 911 289 974; x_wconf 87' lang='grc'><strong>1616</strong></span> <span class='ocrx_word' id='word_1_34' title='bbox 318 909 544 974; x_wconf 79' lang='lat' dir='ltr'><strong>concluserant</strong></span> <span class='ocrx_word' id='word_1_35' title='bbox 569 907 755 992; x_wconf 82' lang='lat' dir='ltr'><strong>Schneider,</strong></span> <span class='ocrx_word' id='word_1_36' title='bbox 783 908 909 976; x_wconf 79' lang='lat' dir='ltr'><strong>Gallim.</strong></span> <span class='ocrx_word' id='word_1_37' title='bbox 924 908 956 973; x_wconf 88' lang='lat' dir='ltr'><strong>ll</strong></span> <span class='ocrx_word' id='word_1_38' title='bbox 975 934 1006 995; x_wconf 88' lang='lat' dir='ltr'><strong>p.</strong></span> <span class='ocrx_word' id='word_1_39' title='bbox 1020 911 1061 975; x_wconf 88' lang='lat'><strong>31</strong></span> <span class='ocrx_word' id='word_1_40' title='bbox 1091 916 1126 974; x_wconf 90' lang='lat' dir='ltr'><strong>et</strong></span> <span class='ocrx_word' id='word_1_41' title='bbox 1146 908 1371 992; x_wconf 85' lang='lat' dir='ltr'><strong>Wachsmutlr‚</strong></span> 
     </span>
     <span class='ocr_line' id='line_1_7' title="bbox 225 1015 1370 1101; baseline 0.001 -21"><span class='ocrx_word' id='word_1_42' title='bbox 225 1015 336 1099; x_wconf 83' lang='lat' dir='ltr'><strong>Symb.</strong></span> <span class='ocrx_word' id='word_1_43' title='bbox 350 1039 380 1100; x_wconf 90' lang='lat' dir='ltr'><strong>p.</strong></span> <span class='ocrx_word' id='word_1_44' title='bbox 398 1017 469 1081; x_wconf 83' lang='lat'><strong>145.</strong></span> <span class='ocrx_word' id='word_1_45' title='bbox 514 1016 765 1081; x_wconf 65' lang='lat' dir='ltr'><strong>accuratissime</strong></span> <span class='ocrx_word' id='word_1_46' title='bbox 794 1017 833 1081; x_wconf 93' lang='grc'><strong>16</strong></span> <span class='ocrx_word' id='word_1_47' title='bbox 862 1039 900 1082; x_wconf 93' lang='lat' dir='ltr'><strong>eo</strong></span> <span class='ocrx_word' id='word_1_48' title='bbox 928 1017 996 1101; x_wconf 87' lang='lat' dir='ltr'><strong>egit</strong></span> <span class='ocrx_word' id='word_1_49' title='bbox 1024 1016 1151 1100; x_wconf 86' lang='lat' dir='ltr'><strong>Rohde,</strong></span> <span class='ocrx_word' id='word_1_50' title='bbox 1172 1017 1254 1081; x_wconf 88' lang='lat' dir='ltr'><strong>Mus.</strong></span> <span class='ocrx_word' id='word_1_51' title='bbox 1268 1016 1370 1082; x_wconf 86' lang='lat' dir='ltr'><strong>Rhen.</strong></span> 
     </span>
     <span class='ocr_line' id='line_1_8' title="bbox 225 1121 1370 1211; baseline 0.001 -22"><span class='ocrx_word' id='word_1_52' title='bbox 225 1122 365 1189; x_wconf 87' lang='lat' dir='ltr'>XXXIV</span> <span class='ocrx_word' id='word_1_53' title='bbox 380 1146 410 1207; x_wconf 89' lang='lat' dir='ltr'><strong>p.</strong></span> <span class='ocrx_word' id='word_1_54' title='bbox 425 1124 487 1189; x_wconf 88' lang='grc'><strong>561</strong></span> <span class='ocrx_word' id='word_1_55' title='bbox 502 1145 583 1210; x_wconf 82' lang='grc'><strong>666,</strong></span> <span class='ocrx_word' id='word_1_56' title='bbox 615 1125 668 1208; x_wconf 86' lang='grc'><strong>661</strong></span> <span class='ocrx_word' id='word_1_57' title='bbox 693 1128 726 1188; x_wconf 89' lang='grc'><strong>61</strong></span> <span class='ocrx_word' id='word_1_58' title='bbox 748 1125 790 1209; x_wconf 89' lang='lat' dir='ltr'><strong>gl.</strong></span> <span class='ocrx_word' id='word_1_59' title='bbox 815 1126 997 1189; x_wconf 82' lang='grc' dir='ltr'><strong><em>Φιλιστίων</em></strong></span> <span class='ocrx_word' id='word_1_60' title='bbox 1026 1125 1181 1211; x_wconf 77' lang='lat' dir='ltr'><strong>allegavit</strong></span> <span class='ocrx_word' id='word_1_61' title='bbox 1203 1128 1236 1190; x_wconf 91' lang='lat' dir='ltr'><strong>et</strong></span> <span class='ocrx_word' id='word_1_62' title='bbox 1260 1121 1370 1209; x_wconf 87' lang='lat' dir='ltr'><strong>Steph.</strong></span> 
     </span>
     <span class='ocr_line' id='line_1_9' title="bbox 224 1229 1372 1316; baseline 0.003 -22"><span class='ocrx_word' id='word_1_63' title='bbox 224 1229 375 1314; x_wconf 80' lang='lat' dir='ltr'><strong>Byzantii</strong></span> <span class='ocrx_word' id='word_1_64' title='bbox 398 1230 487 1295; x_wconf 90' lang='lat' dir='ltr'><strong>locos</strong></span> <span class='ocrx_word' id='word_1_65' title='bbox 510 1230 549 1295; x_wconf 91' lang='grc'><strong>16</strong></span> <span class='ocrx_word' id='word_1_66' title='bbox 567 1230 676 1314; x_wconf 87' lang='lat' dir='ltr'><strong>patria</strong></span> <span class='ocrx_word' id='word_1_67' title='bbox 695 1235 862 1296; x_wconf 91' lang='lat' dir='ltr'><strong>auctorum</strong></span> <span class='ocrx_word' id='word_1_68' title='bbox 881 1235 915 1296; x_wconf 87' lang='lat' dir='ltr'><strong>et</strong></span> <span class='ocrx_word' id='word_1_69' title='bbox 932 1236 1103 1316; x_wconf 89' lang='lat' dir='ltr'><strong>poetarum</strong></span> <span class='ocrx_word' id='word_1_70' title='bbox 1122 1254 1194 1297; x_wconf 88' lang='lat' dir='ltr'><strong>curn</strong></span> <span class='ocrx_word' id='word_1_71' title='bbox 1213 1232 1372 1297; x_wconf 88' lang='lat' dir='ltr'><strong>industria</strong></span> 
     </span>
     <span class='ocr_line' id='line_1_10' title="bbox 226 1335 1372 1425; baseline 0.001 -23"><span class='ocrx_word' id='word_1_72' title='bbox 226 1336 373 1422; x_wconf 84' lang='lat' dir='ltr'><strong>collegit,</strong></span> <span class='ocrx_word' id='word_1_73' title='bbox 405 1342 498 1402; x_wconf 90' lang='lat' dir='ltr'><strong>caute</strong></span> <span class='ocrx_word' id='word_1_74' title='bbox 528 1337 626 1403; x_wconf 89' lang='lat' dir='ltr'><strong>etiam</strong></span> <span class='ocrx_word' id='word_1_75' title='bbox 659 1337 697 1401; x_wconf 94' lang='lat' dir='ltr'><strong>de</strong></span> <span class='ocrx_word' id='word_1_76' title='bbox 726 1335 867 1404; x_wconf 84' lang='lat' dir='ltr'><strong>Sereno</strong></span> <span class='ocrx_word' id='word_1_77' title='bbox 900 1339 1047 1424; x_wconf 88' lang='lat' dir='ltr'><strong>cogitans</strong></span> <span class='ocrx_word' id='word_1_78' title='bbox 1086 1337 1132 1423; x_wconf 84' lang='lat' dir='ltr'><strong>(p.</strong></span> <span class='ocrx_word' id='word_1_79' title='bbox 1151 1339 1217 1404; x_wconf 80' lang='lat'><strong>562</strong></span> <span class='ocrx_word' id='word_1_80' title='bbox 1239 1343 1307 1404; x_wconf 92' lang='lat' dir='ltr'><strong>not.</strong></span> <span class='ocrx_word' id='word_1_81' title='bbox 1328 1337 1372 1425; x_wconf 83' lang='lat'><strong>1),</strong></span> 
     </span>
     <span class='ocr_line' id='line_1_11' title="bbox 225 1443 1371 1530; baseline 0.002 -22"><span class='ocrx_word' id='word_1_82' title='bbox 225 1467 320 1529; x_wconf 87' lang='lat' dir='ltr'><strong>quem</strong></span> <span class='ocrx_word' id='word_1_83' title='bbox 352 1443 500 1509; x_wconf 90' lang='lat' dir='ltr'><strong>Philonis</strong></span> <span class='ocrx_word' id='word_1_84' title='bbox 533 1443 651 1508; x_wconf 91' lang='lat' dir='ltr'><strong>librum</strong></span> <span class='ocrx_word' id='word_1_85' title='bbox 680 1444 714 1507; x_wconf 92' lang='lat' dir='ltr'><strong>in</strong></span> <span class='ocrx_word' id='word_1_86' title='bbox 743 1443 871 1509; x_wconf 91' lang='lat' dir='ltr'><strong>brevius</strong></span> <span class='ocrx_word' id='word_1_87' title='bbox 900 1446 1043 1530; x_wconf 85' lang='lat' dir='ltr'><strong>coegisse</strong></span> <span class='ocrx_word' id='word_1_88' title='bbox 1072 1467 1110 1510; x_wconf 84' lang='lat' dir='ltr'><strong>ex</strong></span> <span class='ocrx_word' id='word_1_89' title='bbox 1141 1444 1228 1510; x_wconf 82' lang='lat' dir='ltr'><strong>Suid.</strong></span> <span class='ocrx_word' id='word_1_90' title='bbox 1246 1469 1274 1510; x_wconf 88' lang='lat' dir='ltr'><strong>v.</strong></span> <span class='ocrx_word' id='word_1_91' title='bbox 1294 1449 1371 1529; x_wconf 84' lang='grc' dir='ltr'><strong>Σερ.</strong></span> 
     </span>
     <span class='ocr_line' id='line_1_12' title="bbox 225 1545 1372 1635; baseline 0.002 -20"><span class='ocrx_word' id='word_1_92' title='bbox 225 1555 259 1615; x_wconf 89' lang='grc'><strong>61</strong></span> <span class='ocrx_word' id='word_1_93' title='bbox 282 1551 390 1635; x_wconf 77' lang='grc'><strong>111661.</strong></span> <span class='ocrx_word' id='word_1_94' title='bbox 413 1550 456 1615; x_wconf 89' lang='lat' dir='ltr'><strong>M.</strong></span> <span class='ocrx_word' id='word_1_95' title='bbox 481 1573 508 1615; x_wconf 88' lang='lat' dir='ltr'><strong>v.</strong></span> <span class='ocrx_word' id='word_1_96' title='bbox 532 1548 701 1633; x_wconf 80' lang='grc' dir='ltr'><strong><em>Βοοκέρας</em></strong></span> <span class='ocrx_word' id='word_1_97' title='bbox 729 1556 762 1614; x_wconf 87' lang='grc'><strong>61</strong></span> <span class='ocrx_word' id='word_1_98' title='bbox 787 1545 941 1635; x_wconf 78' lang='grc' dir='ltr'><strong><em>Ἀρσινόη</em></strong></span> <span class='ocrx_word' id='word_1_99' title='bbox 969 1551 1121 1616; x_wconf 84' lang='lat' dir='ltr'><strong>certiores</strong></span> <span class='ocrx_word' id='word_1_100' title='bbox 1150 1551 1229 1618; x_wconf 89' lang='lat' dir='ltr'><strong>facti</strong></span> <span class='ocrx_word' id='word_1_101' title='bbox 1252 1575 1372 1617; x_wconf 89' lang='lat' dir='ltr'><strong>sumus.</strong></span> 
     </span>
     <span class='ocr_line' id='line_1_13' title="bbox 225 1655 1372 1744; baseline 0.003 -23"><span class='ocrx_word' id='word_1_102' title='bbox 225 1656 365 1722; x_wconf 86' lang='lat' dir='ltr'><strong>Iudicem</strong></span> <span class='ocrx_word' id='word_1_103' title='bbox 382 1656 520 1721; x_wconf 87' lang='lat' dir='ltr'><strong>vitarum</strong></span> <span class='ocrx_word' id='word_1_104' title='bbox 535 1657 675 1722; x_wconf 87' lang='lat' dir='ltr'><strong>confecit</strong></span> <span class='ocrx_word' id='word_1_105' title='bbox 689 1655 796 1741; x_wconf 87' lang='lat' dir='ltr'><strong>Daub,</strong></span> <span class='ocrx_word' id='word_1_106' title='bbox 810 1657 848 1721; x_wconf 92' lang='lat' dir='ltr'><strong>de</strong></span> <span class='ocrx_word' id='word_1_107' title='bbox 864 1655 950 1722; x_wconf 86' lang='lat' dir='ltr'><strong>Suid.</strong></span> <span class='ocrx_word' id='word_1_108' title='bbox 964 1679 995 1740; x_wconf 90' lang='lat' dir='ltr'><strong>p.</strong></span> <span class='ocrx_word' id='word_1_109' title='bbox 1009 1659 1073 1722; x_wconf 91' lang='grc'><strong>441</strong></span> <span class='ocrx_word' id='word_1_110' title='bbox 1075 1660 1154 1744; x_wconf 89' lang='grc'><strong>,661</strong></span> <span class='ocrx_word' id='word_1_111' title='bbox 1170 1659 1211 1724; x_wconf 96' lang='grc'><strong>61</strong></span> <span class='ocrx_word' id='word_1_112' title='bbox 1226 1659 1372 1724; x_wconf 86' lang='grc' dir='ltr'><strong>Ρ1116616</strong></span> 
     </span>
     <span class='ocr_line' id='line_1_14' title="bbox 226 1759 1372 1850; baseline 0.003 -23"><span class='ocrx_word' id='word_1_113' title='bbox 226 1763 265 1827; x_wconf 92' lang='grc'><strong>16</strong></span> <span class='ocrx_word' id='word_1_114' title='bbox 284 1764 417 1829; x_wconf 89' lang='lat' dir='ltr'><strong>urbibus</strong></span> <span class='ocrx_word' id='word_1_115' title='bbox 436 1764 554 1828; x_wconf 90' lang='lat' dir='ltr'><strong>librum</strong></span> <span class='ocrx_word' id='word_1_116' title='bbox 575 1769 624 1829; x_wconf 87' lang='lat' dir='ltr'><strong>ret</strong></span> <span class='ocrx_word' id='word_1_117' title='bbox 610 1765 700 1829; x_wconf 90' lang='lat' dir='ltr'><strong>ttulit</strong></span> <span class='ocrx_word' id='word_1_118' title='bbox 686 1768 748 1828; x_wconf 91' lang='lat' dir='ltr'><strong>tv</strong></span> <span class='ocrx_word' id='word_1_119' title='bbox 764 1759 986 1848; x_wconf 88' lang='grc' dir='ltr'><strong><em>Δημόκριτος,</em></strong></span> <span class='ocrx_word' id='word_1_120' title='bbox 1007 1762 1245 1850; x_wconf 79' lang='grc' dir='ltr'><strong><em>Πρωταγόρας</em></strong></span> <span class='ocrx_word' id='word_1_121' title='bbox 1265 1761 1372 1849; x_wconf 90' lang='grc' dir='ltr'><strong><em>Στρά-</em></strong></span> 
     </span>
     <span class='ocr_line' id='line_1_15' title="bbox 226 1867 1372 1956; baseline 0.003 -23"><span class='ocrx_word' id='word_1_122' title='bbox 226 1873 312 1952; x_wconf 83' lang='grc' dir='ltr'><strong><em>βων,</em></strong></span> <span class='ocrx_word' id='word_1_123' title='bbox 345 1872 554 1954; x_wconf 88' lang='grc' dir='ltr'><strong><em>Σιμωνίδης,</em></strong></span> <span class='ocrx_word' id='word_1_124' title='bbox 587 1873 827 1955; x_wconf 88' lang='grc' dir='ltr'><strong><em>Διοσκορίδης,</em></strong></span> <span class='ocrx_word' id='word_1_125' title='bbox 859 1869 1087 1954; x_wconf 80' lang='grc' dir='ltr'><strong><em>Τέρπανδρος,</em></strong></span> <span class='ocrx_word' id='word_1_126' title='bbox 1118 1867 1368 1956; x_wconf 77' lang='grc' dir='ltr'><strong><em>Πτολεμαῖος</em></strong></span> <span class='ocrx_word' id='word_1_127' title='bbox 1354 1896 1372 1937; x_wconf 96' lang='grc' dir='ltr'><strong><em>ο</em></strong></span> 
     </span>
     <span class='ocr_line' id='line_1_16' title="bbox 224 1967 1373 2062; baseline 0.001 -20.003"><span class='ocrx_word' id='word_1_128' title='bbox 224 1971 323 2059; x_wconf 79' lang='grc' dir='ltr'><strong><em>Ἀσκ,</em></strong></span> <span class='ocrx_word' id='word_1_129' title='bbox 348 1971 519 2061; x_wconf 80' lang='grc' dir='ltr'><em>Ησίοδος,</em></span> <span class='ocrx_word' id='word_1_130' title='bbox 542 1973 686 2060; x_wconf 87' lang='grc' dir='ltr'><strong><em>Ριανός,</em></strong></span> <span class='ocrx_word' id='word_1_131' title='bbox 712 1967 920 2061; x_wconf 87' lang='grc' dir='ltr'><strong><em>Ἐπίκουρος,</em></strong></span> <span class='ocrx_word' id='word_1_132' title='bbox 949 1981 1117 2062; x_wconf 77' lang='grc' dir='ltr'><em>Σίβυλλα,</em></span> <span class='ocrx_word' id='word_1_133' title='bbox 1149 1979 1373 2062; x_wconf 83' lang='grc' dir='ltr'><strong><em>Θεόφραστος,</em></strong></span> 
     </span>
     <span class='ocr_line' id='line_1_17' title="bbox 227 2080 1373 2170; baseline -0.001 -19"><span class='ocrx_word' id='word_1_134' title='bbox 227 2089 399 2168; x_wconf 80' lang='grc' dir='ltr'><strong><em>Χοιρίλος,</em></strong></span> <span class='ocrx_word' id='word_1_135' title='bbox 410 2080 568 2170; x_wconf 81' lang='grc' dir='ltr'><strong><em>Ὅμηρος,</em></strong></span> <span class='ocrx_word' id='word_1_136' title='bbox 592 2088 802 2169; x_wconf 77' lang='grc' dir='ltr'><strong><em>Πείσανδρος</em></strong></span> <span class='ocrx_word' id='word_1_137' title='bbox 826 2092 935 2167; x_wconf 86' lang='grc' dir='ltr'><strong><em>Πεισ.,</em></strong></span> <span class='ocrx_word' id='word_1_138' title='bbox 959 2087 1204 2167; x_wconf 84' lang='grc' dir='ltr'><strong><em>Ποσείδιππος,</em></strong></span> <span class='ocrx_word' id='word_1_139' title='bbox 1220 2081 1373 2170; x_wconf 71' lang='grc' dir='ltr'><strong><em>”,ομηρος</em></strong></span> 
     </span>
     <span class='ocr_line' id='line_1_18' title="bbox 224 2186 1373 2278; baseline 0 -22"><span class='ocrx_word' id='word_1_140' title='bbox 224 2186 436 2277; x_wconf 81' lang='grc' dir='ltr'><strong><em>Ἐπίχαρμος,</em></strong></span> <span class='ocrx_word' id='word_1_141' title='bbox 456 2188 620 2277; x_wconf 82' lang='grc' dir='ltr'><strong><em>Ἔφορος,</em></strong></span> <span class='ocrx_word' id='word_1_142' title='bbox 651 2194 839 2278; x_wconf 87' lang='grc' dir='ltr'><strong><em>Πίνδαρος,</em></strong></span> <span class='ocrx_word' id='word_1_143' title='bbox 863 2187 1121 2277; x_wconf 77' lang='grc' dir='ltr'><strong><em>Ἐρατοσθένης,</em></strong></span> <span class='ocrx_word' id='word_1_144' title='bbox 1146 2187 1373 2276; x_wconf 78' lang='grc' dir='ltr'><strong><em>Ἱπποκράτης,</em></strong></span> 
     </span>
    </p>
   </div>
   <div class='ocr_carea' id='block_1_4' title="bbox 226 2292 1373 2492">
    <p class='ocr_par' dir='ltr' id='par_1_4' title="bbox 226 2292 1373 2492">
     <span class='ocr_line' id='line_1_19' title="bbox 226 2292 1373 2385; baseline 0.001 -23"><span class='ocrx_word' id='word_1_145' title='bbox 226 2292 491 2384; x_wconf 87' lang='grc' dir='ltr'><strong><em>Ἐρασίστρατος,</em></strong></span> <span class='ocrx_word' id='word_1_146' title='bbox 514 2303 732 2385; x_wconf 85' lang='grc' dir='ltr'><strong><em>Στησίχορος,</em></strong></span> <span class='ocrx_word' id='word_1_147' title='bbox 755 2295 938 2384; x_wconf 77' lang='grc' dir='ltr'><strong><em>Πολύβιος,</em></strong></span> <span class='ocrx_word' id='word_1_148' title='bbox 962 2299 1101 2383; x_wconf 79' lang='grc' dir='ltr'><strong><em>Θέογνις</em></strong></span> <span class='ocrx_word' id='word_1_149' title='bbox 1127 2304 1222 2383; x_wconf 60' lang='lat' dir='ltr'><strong>May„</strong></span> <span class='ocrx_word' id='word_1_150' title='bbox 1242 2295 1373 2381; x_wconf 82' lang='grc' dir='ltr'><strong><em>Ἀρίων,</em></strong></span> 
     </span>
     <span class='ocr_line' id='line_1_20' title="bbox 227 2399 1372 2492; baseline 0.001 -23"><span class='ocrx_word' id='word_1_151' title='bbox 227 2402 419 2490; x_wconf 79' lang='grc' dir='ltr'><strong><em>Διαγόρας,</em></strong></span> <span class='ocrx_word' id='word_1_152' title='bbox 442 2408 564 2492; x_wconf 81' lang='grc' dir='ltr'><strong><em>Θαλῆς,</em></strong></span> <span class='ocrx_word' id='word_1_153' title='bbox 584 2403 835 2492; x_wconf 86' lang='grc' dir='ltr'><strong><em>Ἀσκληπιάδης,</em></strong></span> <span class='ocrx_word' id='word_1_154' title='bbox 860 2406 1065 2490; x_wconf 82' lang='grc' dir='ltr'><strong><em>Παρθένιος,</em></strong></span> <span class='ocrx_word' id='word_1_155' title='bbox 1086 2400 1269 2490; x_wconf 79' lang='grc' dir='ltr'><strong><em>Ἀρριανός,</em></strong></span> <span class='ocrx_word' id='word_1_156' title='bbox 1289 2399 1372 2487; x_wconf 84' lang='grc' dir='ltr'><strong><em>Ἀρι-</em></strong></span> 
     </span>
    </p>
   </div>
   <div class='ocr_carea' id='block_1_5' title="bbox 227 2507 1375 3134">
    <p class='ocr_par' dir='ltr' id='par_1_5' title="bbox 227 2507 1375 3134">
     <span class='ocr_line' id='line_1_21' title="bbox 227 2507 1373 2597; baseline -0.003 -19"><span class='ocrx_word' id='word_1_157' title='bbox 227 2512 392 2597; x_wconf 86' lang='grc' dir='ltr'><strong><em>στοτίλης,</em></strong></span> <span class='ocrx_word' id='word_1_158' title='bbox 411 2507 647 2597; x_wconf 78' lang='grc' dir='ltr'><strong><em>Ἀριστόξενος,</em></strong></span> <span class='ocrx_word' id='word_1_159' title='bbox 666 2508 823 2596; x_wconf 83' lang='grc' dir='ltr'><strong><em>Ῥίνθων,</em></strong></span> <span class='ocrx_word' id='word_1_160' title='bbox 832 2508 989 2597; x_wconf 77' lang='grc' dir='ltr'><strong><em>Ἥρωνα,</em></strong></span> <span class='ocrx_word' id='word_1_161' title='bbox 1008 2512 1198 2597; x_wconf 77' lang='grc' dir='ltr'><strong><em>Θεοδέκτης.</em></strong></span> <span class='ocrx_word' id='word_1_162' title='bbox 1230 2512 1282 2576; x_wconf 86' lang='lat' dir='ltr'><strong>Ab</strong></span> <span class='ocrx_word' id='word_1_163' title='bbox 1303 2511 1373 2576; x_wconf 87' lang='lat' dir='ltr'><strong>Phi-</strong></span> 
     </span>
     <span class='ocr_line' id='line_1_22' title="bbox 227 2615 1374 2707; baseline -0.003 -22"><span class='ocrx_word' id='word_1_164' title='bbox 227 2622 313 2686; x_wconf 90' lang='lat' dir='ltr'><strong>lonis</strong></span> <span class='ocrx_word' id='word_1_165' title='bbox 338 2616 484 2686; x_wconf 81' lang='lat' dir='ltr'><strong>doctrina</strong></span> <span class='ocrx_word' id='word_1_166' title='bbox 508 2623 692 2707; x_wconf 84' lang='lat' dir='ltr'><strong>segregavit</strong></span> <span class='ocrx_word' id='word_1_167' title='bbox 715 2617 850 2700; x_wconf 84' lang='grc' dir='ltr'><strong><em>Σκύλαξ</em></strong></span> <span class='ocrx_word' id='word_1_168' title='bbox 870 2619 957 2706; x_wconf 95' lang='grc'><strong>(6611.</strong></span> <span class='ocrx_word' id='word_1_169' title='bbox 977 2617 1088 2704; x_wconf 82' lang='lat' dir='ltr'><strong>Steph.</strong></span> <span class='ocrx_word' id='word_1_170' title='bbox 1114 2643 1142 2685; x_wconf 91' lang='lat' dir='ltr'><strong>v.</strong></span> <span class='ocrx_word' id='word_1_171' title='bbox 1162 2615 1374 2704; x_wconf 87' lang='grc' dir='ltr'><strong><em>Καρόανδα),</em></strong></span> 
     </span>
     <span class='ocr_line' id='line_1_23' title="bbox 229 2722 1375 2814; baseline -0.003 -20"><span class='ocrx_word' id='word_1_172' title='bbox 229 2731 445 2814; x_wconf 76' lang='grc' dir='ltr'><strong><em>Βακχυλίδης,</em></strong></span> <span class='ocrx_word' id='word_1_173' title='bbox 465 2732 659 2813; x_wconf 84' lang='grc' dir='ltr'><strong><em>Σιμωνίδης</em></strong></span> <span class='ocrx_word' id='word_1_174' title='bbox 678 2727 765 2814; x_wconf 90' lang='grc'><strong>(6611.</strong></span> <span class='ocrx_word' id='word_1_175' title='bbox 781 2729 891 2814; x_wconf 85' lang='lat' dir='ltr'><strong>Steph.</strong></span> <span class='ocrx_word' id='word_1_176' title='bbox 908 2751 936 2792; x_wconf 90' lang='lat' dir='ltr'><strong>v.</strong></span> <span class='ocrx_word' id='word_1_177' title='bbox 954 2723 1101 2813; x_wconf 81' lang='grc' dir='ltr'><strong><em>Ἰουλίς),</em></strong></span> <span class='ocrx_word' id='word_1_178' title='bbox 1122 2722 1375 2810; x_wconf 79' lang='grc' dir='ltr'><strong><em>Ἐρασίστρατος</em></strong></span> 
     </span>
     <span class='ocr_line' id='line_1_24' title="bbox 229 2829 1375 2920; baseline -0.003 -20"><span class='ocrx_word' id='word_1_179' title='bbox 229 2835 317 2918; x_wconf 90' lang='grc'><strong>(6611.</strong></span> <span class='ocrx_word' id='word_1_180' title='bbox 336 2859 365 2900; x_wconf 89' lang='lat' dir='ltr'><strong>v.</strong></span> <span class='ocrx_word' id='word_1_181' title='bbox 381 2829 529 2919; x_wconf 88' lang='grc' dir='ltr'><strong><em>Ἰοολίς),</em></strong></span> <span class='ocrx_word' id='word_1_182' title='bbox 553 2835 585 2898; x_wconf 89' lang='grc'><strong>16</strong></span> <span class='ocrx_word' id='word_1_183' title='bbox 610 2834 726 2920; x_wconf 88' lang='grc'><strong>661166</strong></span> <span class='ocrx_word' id='word_1_184' title='bbox 749 2833 901 2900; x_wconf 86' lang='lat' dir='ltr'><strong>Straboni</strong></span> <span class='ocrx_word' id='word_1_185' title='bbox 921 2832 1146 2919; x_wconf 86' lang='lat' dir='ltr'><strong>Gcographica</strong></span> <span class='ocrx_word' id='word_1_186' title='bbox 1164 2834 1274 2899; x_wconf 89' lang='lat' dir='ltr'><strong>deberi</strong></span> <span class='ocrx_word' id='word_1_187' title='bbox 1293 2834 1375 2899; x_wconf 90' lang='lat' dir='ltr'><strong>vidit</strong></span> 
     </span>
     <span class='ocr_line' id='line_1_25' title="bbox 228 2939 1373 3027; baseline -0.003 -20"><span class='ocrx_word' id='word_1_188' title='bbox 228 2941 339 3025; x_wconf 86' lang='lat' dir='ltr'><strong>Niese,</strong></span> <span class='ocrx_word' id='word_1_189' title='bbox 363 2941 400 3005; x_wconf 90' lang='lat' dir='ltr'><strong>dc</strong></span> <span class='ocrx_word' id='word_1_190' title='bbox 420 2940 531 3024; x_wconf 89' lang='lat' dir='ltr'><strong>Steph.</strong></span> <span class='ocrx_word' id='word_1_191' title='bbox 550 2939 626 3023; x_wconf 88' lang='lat' dir='ltr'><strong>Byz.</strong></span> <span class='ocrx_word' id='word_1_192' title='bbox 648 2963 679 3024; x_wconf 92' lang='lat' dir='ltr'><strong>p.</strong></span> <span class='ocrx_word' id='word_1_193' title='bbox 698 2942 755 3023; x_wconf 81' lang='grc'><strong>29,</strong></span> <span class='ocrx_word' id='word_1_194' title='bbox 783 2964 978 3027; x_wconf 88' lang='lat' dir='ltr'><strong>quamquam</strong></span> <span class='ocrx_word' id='word_1_195' title='bbox 1002 2940 1284 3007; x_wconf 86' lang='grc' dir='ltr'><strong>661616Ρ1116616</strong></span> <span class='ocrx_word' id='word_1_196' title='bbox 1308 2963 1373 3004; x_wconf 89' lang='lat' dir='ltr'><strong>non</strong></span> 
     </span>
     <span class='ocr_line' id='line_1_26' title="bbox 229 3049 599 3134; baseline -0.005 -20"><span class='ocrx_word' id='word_1_197' title='bbox 229 3072 299 3114; x_wconf 90' lang='lat' dir='ltr'><strong>esse</strong></span> <span class='ocrx_word' id='word_1_198' title='bbox 323 3049 455 3134; x_wconf 91' lang='lat' dir='ltr'><strong>probari</strong></span> <span class='ocrx_word' id='word_1_199' title='bbox 479 3049 599 3133; x_wconf 90' lang='lat' dir='ltr'><strong>nequit.</strong></span> 
     </span>
    </p>
   </div>
   <div class='ocr_carea' id='block_1_6' title="bbox 229 3162 1376 4217">
    <p class='ocr_par' dir='ltr' id='par_1_6' title="bbox 229 3162 1376 4217">
     <span class='ocr_line' id='line_1_27' title="bbox 319 3162 1373 3249; baseline -0.001 -20"><span class='ocrx_word' id='word_1_200' title='bbox 319 3163 380 3229; x_wconf 88' lang='lat' dir='ltr'><strong>Sed</strong></span> <span class='ocrx_word' id='word_1_201' title='bbox 404 3162 571 3246; x_wconf 86' lang='lat' dir='ltr'><strong>Hesychio</strong></span> <span class='ocrx_word' id='word_1_202' title='bbox 601 3168 681 3249; x_wconf 92' lang='lat' dir='ltr'><strong>quot</strong></span> <span class='ocrx_word' id='word_1_203' title='bbox 708 3170 837 3249; x_wconf 88' lang='lat' dir='ltr'><strong>praesto</strong></span> <span class='ocrx_word' id='word_1_204' title='bbox 861 3165 981 3230; x_wconf 88' lang='lat' dir='ltr'><strong>fuerint</strong></span> <span class='ocrx_word' id='word_1_205' title='bbox 1004 3164 1162 3247; x_wconf 86' lang='lat' dir='ltr'><strong>subsidia,</strong></span> <span class='ocrx_word' id='word_1_206' title='bbox 1190 3164 1263 3229; x_wconf 89' lang='grc'><strong>1616</strong></span> <span class='ocrx_word' id='word_1_207' title='bbox 1287 3168 1373 3229; x_wconf 87' lang='grc'><strong>66116</strong></span> 
     </span>
     <span class='ocr_line' id='line_1_28' title="bbox 229 3271 1374 3358; baseline 0 -21"><span class='ocrx_word' id='word_1_208' title='bbox 229 3272 309 3337; x_wconf 89' lang='grc'><strong>11661</strong></span> <span class='ocrx_word' id='word_1_209' title='bbox 337 3276 459 3356; x_wconf 90' lang='grc'><strong>661661,</strong></span> <span class='ocrx_word' id='word_1_210' title='bbox 487 3272 572 3358; x_wconf 93' lang='grc'><strong>6661</strong></span> <span class='ocrx_word' id='word_1_211' title='bbox 601 3271 639 3336; x_wconf 91' lang='grc'><strong>16</strong></span> <span class='ocrx_word' id='word_1_212' title='bbox 663 3273 770 3356; x_wconf 87' lang='grc'><strong>661116</strong></span> <span class='ocrx_word' id='word_1_213' title='bbox 796 3273 990 3357; x_wconf 89' lang='lat' dir='ltr'><strong>scriptorum</strong></span> <span class='ocrx_word' id='word_1_214' title='bbox 1020 3272 1189 3356; x_wconf 88' lang='lat' dir='ltr'><strong>disputans</strong></span> <span class='ocrx_word' id='word_1_215' title='bbox 1217 3294 1282 3337; x_wconf 88' lang='lat' dir='ltr'><strong>non</strong></span> <span class='ocrx_word' id='word_1_216' title='bbox 1310 3294 1374 3337; x_wconf 89' lang='lat' dir='ltr'><strong>uno</strong></span> 
     </span>
     <span class='ocr_line' id='line_1_29' title="bbox 229 3377 1374 3466; baseline -0.003 -21"><span class='ocrx_word' id='word_1_217' title='bbox 229 3383 400 3446; x_wconf 88' lang='lat' dir='ltr'><strong>contentus</strong></span> <span class='ocrx_word' id='word_1_218' title='bbox 433 3379 533 3444; x_wconf 89' lang='lat' dir='ltr'><strong>fuisse</strong></span> <span class='ocrx_word' id='word_1_219' title='bbox 561 3379 665 3466; x_wconf 90' lang='grc'><strong>16616,</strong></span> <span class='ocrx_word' id='word_1_220' title='bbox 698 3381 753 3446; x_wconf 90' lang='grc'><strong>661</strong></span> <span class='ocrx_word' id='word_1_221' title='bbox 782 3382 891 3465; x_wconf 87' lang='grc'><strong>616166</strong></span> <span class='ocrx_word' id='word_1_222' title='bbox 923 3381 1098 3446; x_wconf 87' lang='lat' dir='ltr'><strong>adscivisse</strong></span> <span class='ocrx_word' id='word_1_223' title='bbox 1130 3378 1264 3445; x_wconf 88' lang='lat' dir='ltr'><strong>videtur.</strong></span> <span class='ocrx_word' id='word_1_224' title='bbox 1311 3377 1374 3442; x_wconf 85' lang='lat' dir='ltr'><strong>Res</strong></span> 
     </span>
     <span class='ocr_line' id='line_1_30' title="bbox 229 3480 1376 3571; baseline -0.003 -18"><span class='ocrx_word' id='word_1_225' title='bbox 229 3486 415 3553; x_wconf 89' lang='grc'><strong>666616116</strong></span> <span class='ocrx_word' id='word_1_226' title='bbox 435 3485 672 3570; x_wconf 82' lang='grc'><strong>(16111611611,</strong></span> <span class='ocrx_word' id='word_1_227' title='bbox 690 3488 843 3554; x_wconf 89' lang='lat' dir='ltr'><strong>Isocratis</strong></span> <span class='ocrx_word' id='word_1_228' title='bbox 862 3489 1072 3570; x_wconf 86' lang='lat' dir='ltr'><strong>successoris,</strong></span> <span class='ocrx_word' id='word_1_229' title='bbox 1092 3485 1167 3571; x_wconf 79' lang='grc' dir='ltr'><strong><em>περὶ</em></strong></span> <span class='ocrx_word' id='word_1_230' title='bbox 1181 3480 1376 3570; x_wconf 87' lang='grc' dir='ltr'><strong><em>Ἡρακλείας</em></strong></span> 
     </span>
     <span class='ocr_line' id='line_1_31' title="bbox 229 3588 1375 3679; baseline -0.001 -20"><span class='ocrx_word' id='word_1_231' title='bbox 229 3595 327 3678; x_wconf 88' lang='grc'><strong>11116,</strong></span> <span class='ocrx_word' id='word_1_232' title='bbox 355 3617 450 3679; x_wconf 86' lang='grc'><strong>66616</strong></span> <span class='ocrx_word' id='word_1_233' title='bbox 477 3594 623 3660; x_wconf 90' lang='lat' dir='ltr'><strong>laudavit</strong></span> <span class='ocrx_word' id='word_1_234' title='bbox 650 3588 888 3679; x_wconf 62' lang='lat' dir='ltr'><strong>minorativae</strong></span> <span class='ocrx_word' id='word_1_235' title='bbox 916 3602 949 3660; x_wconf 88' lang='grc'><strong>61</strong></span> <span class='ocrx_word' id='word_1_236' title='bbox 980 3591 1160 3674; x_wconf 81' lang='grc' dir='ltr'><strong><em>Φιλόξενος</em></strong></span> <span class='ocrx_word' id='word_1_237' title='bbox 1188 3593 1375 3677; x_wconf 84' lang='lat' dir='ltr'><strong>(utrumque</strong></span> 
     </span>
     <span class='ocr_line' id='line_1_32' title="bbox 230 3697 1376 3787; baseline -0.001 -22"><span class='ocrx_word' id='word_1_238' title='bbox 230 3702 449 3787; x_wconf 84' lang='lat' dir='ltr'><strong>fragmentum</strong></span> <span class='ocrx_word' id='word_1_239' title='bbox 470 3702 599 3768; x_wconf 89' lang='lat' dir='ltr'><strong>silentio</strong></span> <span class='ocrx_word' id='word_1_240' title='bbox 619 3703 839 3787; x_wconf 89' lang='lat' dir='ltr'><strong>praetermisit</strong></span> <span class='ocrx_word' id='word_1_241' title='bbox 852 3701 969 3766; x_wconf 74' lang='lat' dir='ltr'><strong>Muller</strong></span> <span class='ocrx_word' id='word_1_242' title='bbox 986 3700 1034 3766; x_wconf 88' lang='lat' dir='ltr'><strong>IV</strong></span> <span class='ocrx_word' id='word_1_243' title='bbox 1049 3724 1079 3785; x_wconf 90' lang='lat' dir='ltr'><strong>p.</strong></span> <span class='ocrx_word' id='word_1_244' title='bbox 1094 3697 1175 3787; x_wconf 85' lang='lat'><strong>353)</strong></span> <span class='ocrx_word' id='word_1_245' title='bbox 1184 3697 1218 3786; x_wconf 86' lang='lat'><strong>¹),</strong></span> <span class='ocrx_word' id='word_1_246' title='bbox 1236 3700 1376 3765; x_wconf 86' lang='lat' dir='ltr'><strong>fortasse</strong></span> 
     </span>
     <span class='ocr_line' id='line_1_33' title="bbox 230 3801 1376 3893; baseline -0.002 -21"><span class='ocrx_word' id='word_1_247' title='bbox 230 3808 327 3873; x_wconf 90' lang='lat' dir='ltr'><strong>etiam</strong></span> <span class='ocrx_word' id='word_1_248' title='bbox 356 3806 505 3872; x_wconf 87' lang='lat' dir='ltr'><strong>adhibuit</strong></span> <span class='ocrx_word' id='word_1_249' title='bbox 528 3832 556 3874; x_wconf 89' lang='lat' dir='ltr'><strong>v.</strong></span> <span class='ocrx_word' id='word_1_250' title='bbox 580 3812 772 3893; x_wconf 83' lang='grc' dir='ltr'><strong><em>Θεαίτητος,</em></strong></span> <span class='ocrx_word' id='word_1_251' title='bbox 804 3803 1021 3893; x_wconf 86' lang='grc' dir='ltr'><strong><em>Ἡρακλείδης</em></strong></span> <span class='ocrx_word' id='word_1_252' title='bbox 1049 3812 1082 3873; x_wconf 92' lang='grc'><strong>61</strong></span> <span class='ocrx_word' id='word_1_253' title='bbox 1105 3801 1174 3891; x_wconf 88' lang='grc' dir='ltr'><strong>Ἡρ.</strong></span> <span class='ocrx_word' id='word_1_254' title='bbox 1198 3803 1376 3889; x_wconf 88' lang='grc' dir='ltr'><strong><em>Ποντικός,</em></strong></span> 
     </span>
     <span class='ocr_line' id='line_1_34' title="bbox 230 3911 1375 4000; baseline -0.003 -20"><span class='ocrx_word' id='word_1_255' title='bbox 230 3911 383 3999; x_wconf 85' lang='grc' dir='ltr'><strong><em>Νύμφις,</em></strong></span> <span class='ocrx_word' id='word_1_256' title='bbox 403 3915 567 3999; x_wconf 81' lang='grc' dir='ltr'><strong><em>Πολέμων</em></strong></span> <span class='ocrx_word' id='word_1_257' title='bbox 588 3917 690 3980; x_wconf 89' lang='grc' dir='ltr'><strong><em>Λαοδ.</em></strong></span> <span class='ocrx_word' id='word_1_258' title='bbox 705 3916 753 3994; x_wconf 88' lang='grc'><strong>61,</strong></span> <span class='ocrx_word' id='word_1_259' title='bbox 773 3916 806 3980; x_wconf 91' lang='grc'><strong>16</strong></span> <span class='ocrx_word' id='word_1_260' title='bbox 822 3917 937 4000; x_wconf 87' lang='grc'><strong>661166</strong></span> <span class='ocrx_word' id='word_1_261' title='bbox 957 3915 995 3980; x_wconf 88' lang='grc'><strong>16</strong></span> <span class='ocrx_word' id='word_1_262' title='bbox 1016 3914 1122 3999; x_wconf 88' lang='lat' dir='ltr'><strong>patria</strong></span> <span class='ocrx_word' id='word_1_263' title='bbox 1135 3913 1293 3980; x_wconf 86' lang='lat' dir='ltr'><strong>Heraclea</strong></span> <span class='ocrx_word' id='word_1_264' title='bbox 1308 3915 1375 4000; x_wconf 85' lang='lat' dir='ltr'><strong>agi·</strong></span> 
     </span>
     <span class='ocr_line' id='line_1_35' title="bbox 230 4020 1376 4109; baseline -0.001 -23"><span class='ocrx_word' id='word_1_265' title='bbox 230 4026 290 4086; x_wconf 90' lang='lat' dir='ltr'><strong>tur.</strong></span> <span class='ocrx_word' id='word_1_266' title='bbox 336 4020 385 4085; x_wconf 92' lang='lat' dir='ltr'><strong>De</strong></span> <span class='ocrx_word' id='word_1_267' title='bbox 414 4022 525 4087; x_wconf 90' lang='lat' dir='ltr'><strong>eadem</strong></span> <span class='ocrx_word' id='word_1_268' title='bbox 549 4024 627 4087; x_wconf 90' lang='lat' dir='ltr'><strong>urbe</strong></span> <span class='ocrx_word' id='word_1_269' title='bbox 651 4023 782 4109; x_wconf 89' lang='lat' dir='ltr'><strong>eiusque</strong></span> <span class='ocrx_word' id='word_1_270' title='bbox 811 4023 888 4087; x_wconf 88' lang='lat' dir='ltr'><strong>viris</strong></span> <span class='ocrx_word' id='word_1_271' title='bbox 911 4022 1093 4087; x_wconf 87' lang='lat' dir='ltr'><strong>illustribus</strong></span> <span class='ocrx_word' id='word_1_272' title='bbox 1122 4022 1254 4105; x_wconf 88' lang='lat' dir='ltr'><strong>scripsit</strong></span> <span class='ocrx_word' id='word_1_273' title='bbox 1277 4021 1376 4085; x_wconf 88' lang='lat' dir='ltr'><strong>ctiam</strong></span> 
     </span>
     <span class='ocr_line' id='line_1_36' title="bbox 231 4128 1376 4217; baseline -0.002 -23"><span class='ocrx_word' id='word_1_274' title='bbox 231 4129 453 4216; x_wconf 80' lang='lat' dir='ltr'><strong>Timagenes</strong></span> <span class='ocrx_word' id='word_1_275' title='bbox 472 4133 556 4195; x_wconf 89' lang='lat' dir='ltr'><strong>teste</strong></span> <span class='ocrx_word' id='word_1_276' title='bbox 576 4129 737 4215; x_wconf 87' lang='lat' dir='ltr'><strong>Hesychio</strong></span> <span class='ocrx_word' id='word_1_277' title='bbox 757 4128 890 4217; x_wconf 80' lang='lat' dir='ltr'><strong>(Mdller</strong></span> <span class='ocrx_word' id='word_1_278' title='bbox 909 4129 958 4194; x_wconf 92' lang='lat' dir='ltr'><strong>Ill</strong></span> <span class='ocrx_word' id='word_1_279' title='bbox 977 4128 1115 4214; x_wconf 84' lang='grc'><strong>6311),</strong></span> <span class='ocrx_word' id='word_1_280' title='bbox 1134 4129 1218 4212; x_wconf 88' lang='lat' dir='ltr'><strong>quod</strong></span> <span class='ocrx_word' id='word_1_281' title='bbox 1238 4150 1376 4213; x_wconf 86' lang='lat' dir='ltr'><strong>opuscu-</strong></span> 
     </span>
    </p>
   </div>
   <div class='ocr_carea' id='block_1_7' title="bbox 231 4384 1378 4538">
    <p class='ocr_par' dir='ltr' id='par_1_7' title="bbox 231 4384 1378 4538">
     <span class='ocr_line' id='line_1_37' title="bbox 305 4384 1378 4455; baseline -0.001 -14"><span class='ocrx_word' id='word_1_282' title='bbox 305 4390 329 4455; x_wconf 91' lang='lat'><strong>1)</strong></span> <span class='ocrx_word' id='word_1_283' title='bbox 354 4384 537 4454; x_wconf 89' lang='lat' dir='ltr'><strong>Hermippum</strong></span> <span class='ocrx_word' id='word_1_284' title='bbox 556 4384 701 4455; x_wconf 84' lang='lat' dir='ltr'><strong>Berytium</strong></span> <span class='ocrx_word' id='word_1_285' title='bbox 725 4387 793 4441; x_wconf 86' lang='lat' dir='ltr'><strong>haec</strong></span> <span class='ocrx_word' id='word_1_286' title='bbox 812 4384 952 4455; x_wconf 80' lang='lat' dir='ltr'><strong>Hesychia</strong></span> <span class='ocrx_word' id='word_1_287' title='bbox 977 4384 1169 4454; x_wconf 85' lang='lat' dir='ltr'><strong>suppeditasse</strong></span> <span class='ocrx_word' id='word_1_288' title='bbox 1193 4387 1275 4455; x_wconf 86' lang='lat' dir='ltr'><strong>putat</strong></span> <span class='ocrx_word' id='word_1_289' title='bbox 1295 4417 1322 4424; x_wconf 90' lang='lat'>—</span> <span class='ocrx_word' id='word_1_290' title='bbox 1347 4389 1378 4440; x_wconf 88' lang='lat' dir='ltr'><strong>at</strong></span> 
     </span>
     <span class='ocr_line' id='line_1_38' title="bbox 231 4463 797 4538; baseline -0.002 -15"><span class='ocrx_word' id='word_1_291' title='bbox 231 4485 288 4523; x_wconf 88' lang='lat' dir='ltr'><strong>non</strong></span> <span class='ocrx_word' id='word_1_292' title='bbox 308 4466 409 4538; x_wconf 88' lang='lat' dir='ltr'><strong>probat</strong></span> <span class='ocrx_word' id='word_1_293' title='bbox 429 4495 463 4507; x_wconf 93' lang='lat'>-</span> <span class='ocrx_word' id='word_1_294' title='bbox 482 4463 578 4533; x_wconf 87' lang='lat' dir='ltr'><strong>Daub,</strong></span> <span class='ocrx_word' id='word_1_295' title='bbox 597 4465 676 4521; x_wconf 86' lang='lat' dir='ltr'><strong>Stud.</strong></span> <span class='ocrx_word' id='word_1_296' title='bbox 695 4473 797 4537; x_wconf 77' lang='grc'><strong>6149.</strong></span> 
     </span>
    </p>
   </div>
   <div class='ocr_carea' id='block_1_8' title="bbox 0 0 1530 5114">
    <p class='ocr_par' dir='ltr' id='par_1_8' title="bbox 0 0 1530 5114">
     <span class='ocr_line' id='line_1_39' title="bbox 0 0 1530 5114; baseline 0 0"><span class='ocrx_word' id='word_1_297' title='bbox 0 0 1530 5114; x_wconf 95' lang='lat' dir='ltr'><strong> </strong></span> 
     </span>
    </p>
   </div>
  </div>
 </body>
</html>
