3036 5114
609 343 823 400 HESYCHIUS.
1221 338 1288 403 211'

144 508 381 597 γραμματικόν.
431 508 506 592 περὶ
539 511 608 576 τῶν
638 503 715 594 παρ’
740 503 870 597 Ὁμῆρφ
899 500 1074 590 σχημάτων
1103 503 1287 588 ῥητορικῶν
1358 524 1383 555 2<

143 622 257 705 βιβλία
280 614 327 702 β’,
350 615 424 702 περὶ
449 614 634 695 συντάξεως
652 612 757 700 λόγου
772 610 920 681 Ἀττικοῦ
943 616 1056 698 βιβλία
1076 609 1116 695 ε’,
1139 608 1213 695 περὶ
1230 611 1289 693 τῆς

143 720 224 791 καθ’
249 720 398 810 Ὅμηρον
428 724 620 808 ῥητορικῆς,
652 720 726 807 περὶ
758 722 817 807 τῆς
842 716 987 806 Ὁμήρου
1018 718 1074 785 καλ
1107 715 1289 791 Πλάτωνος

146 835 354 918 συμφωνίας,
379 836 530 915 ποικίλης
552 834 776 915 φιλομαθείας
798 831 911 913 βιβλία
934 824 981 913 β’,
1005 831 1100 911 βίους
1121 824 1289 909 τραγικῶν

144 939 198 1007 καλ
221 940 388 1025 κωμικῶν,
411 940 584 1024 βιβλιακῆς
608 937 776 1023 ἐμπειρίας
799 939 912 1021 βιβλία
935 932 981 1019 γ’,
1005 934 1042 1000 έν
1066 925 1116 1011 οἷς
1140 927 1317 996 διδάσκειν
1391 981 1398 1015 ,

145 1045 362 1134 πάι-,κτήσεως
381 1043 465 1126 νίίιξια
497 1048 618 1130 βιβλίαι
642 1041 708 1132 (ὅτι
740 1041 845 1129 μόνος
867 1039 1012 1128 Ὅμηρος
1043 1043 1111 1107 τῶν
1143 1035 1291 1124 ἀρχαίων
1387 1040 1394 1054 “

89 1159 93 1166 ’
147 1154 331 1240 ἕλληνίζει),
350 1151 547 1237 περιήγησιν
566 1148 757 1237 Περγάμου,
776 1151 851 1237 περὶ
869 1153 929 1217 τοῦ
949 1150 986 1216 έν
1003 1146 1169 1237 Περγάμῳ
1186 1148 1294 1229 Σεβα·

147 1267 242 1330 στίου
265 1266 377 1346 βιβλία
399 1258 452 1346 β’,
479 1259 553 1346 περὶ
580 1262 649 1327 τῶν
672 1255 834 1345 Ἀθῆνησι
862 1262 1101 1345 δικαστηρίων,
1128 1252 1202 1339 περὶ
1224 1254 1293 1318 τῶν

144 1367 307 1455 Ἀθήνησι
338 1364 455 1453 νόμων
487 1366 542 1433 καλ
575 1366 682 1449 ἐθῶν,
715 1364 790 1452 περλ
819 1367 887 1432 τῶν
915 1362 1098 1450 Περγάμου
1128 1360 1293 1446 βασιλέων

148 1481 261 1563 βιβλία
293 1473 334 1560 ε’,
367 1472 441 1560 περὶ
473 1471 620 1559 χρήσεως
656 1469 732 1558 ῆτοι
767 1466 941 1558 ὀνομάτων
971 1474 1113 1557 ἐσθῆτος
1143 1466 1198 1534 καλ
1225 1469 1293 1534 τῶν
1309 1488 1334 1528 ιο

149 1583 261 1652 ἄλλων
282 1575 332 1660 οἷς
351 1578 509 1668 χρώμεθα
529 1578 612 1670 (ἔστι
639 1577 676 1646 δὲ
695 1575 776 1669 κατά
795 1579 990 1666 στοιχεῖον),
1017 1577 1091 1664 περὶ
1110 1581 1168 1662 τῆς
1182 1571 1296 1641 Ὀδυσ-

149 1691 231 1771 σέως
254 1688 397 1775 πλάνης,
426 1683 612 1755 ὠκυτόκιον
638 1685 722 1774 (ἔστι
746 1684 783 1753 δε
806 1684 984 1773 συναγωγὴ
1010 1685 1174 1753 ἐπιθέτων
1194 1687 1240 1762 είς
1258 1679 1295 1748 τὸ

150 1797 231 1867 αὐτὸ
260 1800 397 1885 πρᾶγμα
420 1791 652 1882 ἁρμοζόντων,
682 1791 766 1879 πρὸς
788 1794 922 1881 ἕτοιμον
946 1792 1107 1882 εὐπορίαν
1130 1787 1297 1881 φράσεως)

150 1911 263 1993 βιβλία
287 1903 322 1972 ι’.

240 2011 501 2081 DCOLXXXIV.
534 2011 716 2095 Τιβέριος
738 2009 925 2098 φιλόσοφος
944 2010 1000 2078 καλ
1019 2006 1187 2096 σοφιστῆς.
1224 2004 1299 2090 περὶ
1314 2024 1340 2066 ιο

155 2125 256 2189 ἰδεῶν
280 2119 383 2205 λόγου
406 2122 519 2203 βιβλία
542 2116 588 2203 γ’,
611 2117 685 2203 περὶ
704 2121 924 2205 παρασκευῆς,
948 2117 1024 2207 περὶ
1044 2113 1300 2205 μεταποιῆσεως,

152 2229 228 2316 περὶ
253 2232 417 2314 ίστορίας,
441 2225 516 2312 περὶ
540 2223 646 2311 λόγου
668 2223 790 2305 τάξεως
811 2226 867 2293 καλ
890 2227 1093 2311 συνθέσεως,
1117 2223 1192 2310 περὶ
1215 2225 1300 2290 διαι-

153 2337 275 2424 ρέσεως
297 2335 417 2421 λόγου,
445 2332 520 2419 περὶ
543 2335 727 2420 μεταβολῆς
750 2332 855 2419 λόγου
877 2337 1066 2420 πολιτικοῦ,
1091 2330 1166 2420 περὶ
1190 2327 1300 2415 λόγων

156 2445 400 2526 ἐπιδεικτικῶν,
424 2439 498 2527 περλ
520 2442 712 2526 προλαλιῶν
735 2439 791 2507 καλ
814 2447 1018 2529 προοιμίων,
1040 2441 1116 2531 περὶ
1140 2441 1301 2526 ἐπιχειρη-

154 2550 284 2638 μάτων,
312 2548 388 2633 περλ
413 2547 659 2634 Λημοσθένους
681 2548 736 2615 καλ
760 2549 995 2636 Ξενοφῶντος,
1020 2549 1095 2636 περὶ
1113 2544 1300 2632 Ἡροδότου
1314 2568 1341 2606 νο
1395 2554 1398 2559 ’

155 2657 209 2726 καὶ
234 2659 455 2724 Θουκυδίδου.

247 2762 492 2831 DCCLXXXV.
520 2760 740 2848 Τιμαγένης
757 2767 933 2848 βασιλικοῦ
951 2763 1203 2852 άργυραμοιβοῦ
1217 2758 1301 2844 υίός,

152 2867 402 2959 Ἀλεξανδρεύς,
430 2864 476 2947 ῶς
501 2867 540 2934 δέ
563 2893 666 2953 τινες,
695 2866 892 2955 Αἰγύπτιος,
920 2869 1045 2959 βῆτωρ,
1075 2867 1112 2950 ὃς
1135 2870 1187 2939 ἐπὶ
1210 2877 1303 2954 Πομ-

64 2986 120 3023 ”··”
156 2984 257 3066 πηίου
290 2979 350 3044 τοῦ
383 2974 531 3062 μεγάλου
563 2974 771 3062 αἰχμάλωτος
802 2974 917 3065 ἀχθεὶς
949 2980 986 3047 ἐν
1008 2975 1117 3068 Ῥῶμη
1148 2974 1214 3046 ὑπὸ
1242 2979 1304 3043 τοῦ

158 3090 321 3171 Γαβινίου
344 3080 498 3168 έξωνῆθη
524 3079 590 3149 ὑπὸ
617 3081 776 3150 Φαῦστον
802 3090 865 3153 τοῦ
886 3088 964 3154 υἱοῦ
987 3085 1125 3154 Σύλλου
1152 3084 1207 3153 καλ
1230 3085 1302 3151 έσο-
1317 3115 1344 3155 νο

159 3231 368 3240 ...,--.---...

159 3309 208 3378 qui
231 3306 316 3363 etiam
340 3310 405 3360 ante
433 3299 464 3359 έν
488 3302 530 3367 οἷς
552 3305 686 3363 nonnulla
711 3306 846 3363 excidisse
870 3308 1001 3379 opinatus
1025 3310 1079 3373 θεὸς
1108 3303 1164 3377 ἐγρ.
1190 3327 1216 3363 κ.
1240 3301 1302 3361 αάτ.

163 3384 375 3459 Γραμματικόν,
394 3387 487 3456 βιβλία
506 3384 541 3419 **
561 3382 593 3439 έν
612 3383 654 3448 οἷς
672 3386 717 3441 vel
737 3384 938 3457 Γραμματικδν
959 3386 1014 3457 έγρ.
1041 3386 1090 3441 καλ
1108 3381 1195 3448 αὐτὸς
1217 3404 1303 3455 γραμ-

160 3464 277 3540 ματικός
297 3467 401 3522 ΜιλΠα
425 3465 487 3520 coll.
512 3464 597 3521 schol.
612 3465 643 3520 ll.
659 3465 696 3534 X,
712 3472 777 3536 545,
800 3467 848 3521 καλ
874 3462 960 3530 αῦτδς
987 3463 1178 3539 γραμματικά,
1208 3462 1239 3520 ἐν
1263 3463 1304 3526 οἷς

159 3549 245 3604 Πααθ
310 3547 535 3616 λφιλομαθείας
554 3553 576 3600 Δ
595 3547 770 3617 φιλομαθίας
788 3549 860 3617 ναῖς.
927 3549 1022 3604 οΗοι
1041 3565 1111 3618 opus
1131 3545 1249 3617 Telephi
1268 3547 1304 3600 ab

160 3630 221 3698 ipso
239 3627 380 3698 Hesychio
399 3627 427 3680 in
446 3627 635 3682 describendis
653 3627 720 3682 vitis
739 3627 896 3683 adhibitum
911 3646 971 3684 εοεε
985 3631 1142 3698 suspicatur
1156 3628 1251 3695 Daub,
1270 3625 1304 3680 de
1412 3680 1414 3685 .

161 3708 237 3764 Suid.
257 3727 283 3778 p.
298 3714 350 3762 437
405 3701 551 3762 ssb'uAv
604 3706 654 3761 καὶ
672 3702 710 3769 ῶς
728 3709 799 3778 ναίμ.
855 3716 885 3763 11
905 3706 977 3764 κατά
998 3717 1136 3780 στοιχεῖον
1154 3711 1220 3780 pont
1237 3704 1305 3762 τλά·

160 3809 211 3859 νης
229 3790 317 3843 habet
329 3794 352 3841 V
427 3793 458 3841 12
478 3781 634 3841 ὠκυτόκιον
649 3820 681 3828 -
696 3789 761 3844 exit.
780 3791 809 3845 in
828 3808 914 3862 marg.
932 3792 1018 3846 habet
1032 3797 1062 3860 V,
1081 3791 1111 3845 in
1130 3789 1208 3846 cuius
1226 3792 1305 3845 textu

123 3881 126 3887 '
160 3872 293 3941 leguntur
311 3870 393 3923 haec:
413 3862 569 3922 ῶκυτόκιον
587 3868 719 3939 τηλέφον.
752 3871 835 3926 τοῦτο
858 3870 891 3926 δέ
912 3867 985 3927 ἔστιν
1010 3868 1092 3937 ἄξιον
1111 3870 1160 3926 καλ
1183 3867 1305 3939 κτήσεως

161 3948 231 4020 πρός
250 3945 390 4016 εῦτιορίαν
410 3945 540 4016 φράσεως
558 3948 607 4003 καλ
626 3945 759 4021 ἐράσμιον

231 4028 440 4085 DCCLXXXIV
469 4035 500 4082 15
521 4027 669 4099 φιλόλογος
690 4031 760 4086 coni.
780 4032 1000 4088 Ητνκελετλαείκε
1056 4040 1088 4087 17
1107 4032 1171 4103 περὶ
1190 4035 1305 4088 συνθ]

163 4120 195 4168 18
215 4110 362 4181 ποιητικοῦ
373 4116 396 4163 V
451 4116 485 4164 20
503 4110 569 4177 περὶ
583 4106 641 4180 Ἠρ.
657 4144 689 4152 —
704 4111 770 4168 exit.
785 4129 839 4167 om.
854 4119 884 4167 V.
914 4113 1043 4168 Ceterum
1058 4114 1095 4169 ab
1113 4114 1204 4169 indice
1219 4129 1304 4167 unum

162 4194 260 4248 abesse
278 4191 405 4246 fibellum
428 4190 507 4245 nobis
530 4193 671 4246 servatum
690 4191 754 4262 περὶ
776 4193 833 4247 τῶν
854 4190 931 4263 παρὰ
951 4195 1133 4266 Δημοσθένει
1156 4189 1305 4264 σχημάτων

162 4274 270 4330 monuit
288 4272 454 4342 Bernhardy

232 4351 429 4408 DCCLXXXV
453 4351 493 4408 ef.
513 4351 607 4421 θεολ),
626 4352 705 4409 Sbnd.
724 4373 751 4425 p.
767 4361 809 4411 72.
846 4356 887 4410 De
911 4357 970 4411 eius
993 4358 1083 4411 morte
1106 4356 1140 4410 cf.
1162 4355 1260 4411 Suidas
1279 4373 1305 4412 v.

163 4435 326 4506 σφηνωθείς
415 4440 449 4487 23
469 4429 559 4503 βῆτωρ
580 4437 645 4504 post
660 4431 706 4491 ’AL
727 4434 791 4490 libri
881 4443 915 4490 λλ
935 4433 1121 4507 αἰχμάλωτοςτ
1144 4435 1178 4491 cf.
1191 4435 1305 4491 Wachs-

163 4518 256 4586 math,
275 4512 370 4584 Symb.
389 4531 417 4582 p.
435 4519 484 4568 142
557 4520 591 4568 25
610 4511 704 4570 Σόλου
723 4521 778 4569 VH

1041 4608 1094 4661 14*
