3036 5114
230 330 292 394 140
690 332 903 389 HESYCHIUS.

315 494 465 561 DXXIII.
496 495 755 582 Μενεκράτης
776 495 927 582 κωμικός.
961 494 1112 583 δράματα
1134 493 1237 563 αὐτοῦ
1263 497 1374 564 Μανέ-

226 624 313 687 κτωρ
337 596 359 686 η’
378 598 616 689 Ἑρμιονεύς..
635 656 643 669 .

315 710 465 779 DXXIV.
494 709 752 798 Μενεκράτης
776 710 1010 800 Συρακούσιος
1033 711 1154 799 ἰατρός.
1197 702 1309 796 [οὗτος
1333 711 1372 780 δὲ

226 813 352 901 μισθὸν
381 816 443 903 μὲν
467 814 591 886 ούδέυα
615 821 779 906 ἐκομίζετο
802 823 860 906 τῆς
882 826 1062 906 θεραπείας
1085 816 1282 909 (ἐθεράπευε
1306 814 1371 905 γάρ

199 919 288 1007 στὴν
317 921 410 1010 ἱεράν
440 923 577 1013 νόσον),
606 925 752 1005 δούλους
779 925 815 993 δὲ
839 922 944 994 αὐτοῦ
967 923 1144 1013 ὁμολογεῖν
1167 924 1245 1006 τοῦς
1267 935 1372 1013 θερα-

225 1032 432 1118 πευομένους
458 1029 574 1122 ἀπῄτει
608 1034 663 1100 καὶ
691 1038 760 1121 σία
777 1031 1061 1128 *eampo—eudes,
1090 1031 1195 1111 θεούς
1222 1032 1258 1099 δὲ
1272 1081 1276 1089 ,
1290 1030 1371 1113 τοὺς

227 1138 385 1218 ίαθίντας
417 1137 474 1206 ὑπ’
505 1137 626 1223 αὐτοῦ,
658 1140 765 1219 τιθεὶς
797 1138 922 1230 ἑκάστῳ
954 1147 1201 1228 προσηγορίαν,
1232 1143 1278 1231 τῷ
1307 1138 1371 1227 μὲν

221 1240 363 1331 Ἑρμοῦ,
386 1250 431 1337 τῷ
457 1247 494 1314 δὲ
515 1246 745 1330 Ἀπόλλωνος]

314 1355 446 1422 DXXV.
484 1356 689 1434 Μενέλαος
709 1358 849 1441 Αίγαίος
872 1357 1035 1435 ἐποποιός.
1073 1360 1196 1442 ἔγραψε
1215 1359 1368 1441 Θηβαΐδα
1410 1365 1414 1371 ’

188 1483 214 1522 ιο
228 1461 264 1527 ἐν
287 1465 430 1545 βιβλίοις
454 1460 501 1528 ια’
524 1462 580 1529 καὶ
604 1460 698 1529 άλλα.

314 1569 464 1635 DXXVI.
492 1571 733 1648 Μένιππος
760 1568 913 1657 κωμικός.
958 1571 1026 1637 τῶν
1054 1568 1233 1658 δραμάτων
1262 1567 1368 1637 αὐτοῦ

226 1676 294 1742 ἐστι
319 1677 494 1762 Κέρκωπες
517 1675 572 1742 καὶ
596 1672 688 1742 ἄλλα.

315 1783 481 1849 DXXVII.
509 1781 703 1869 Μεσομηδ
709 1809 752 1869 ης
770 1780 864 1870 Κρὴς
887 1780 1038 1871 λυρικός,
1062 1780 1209 1870 γεγονώς
1227 1783 1279 1851 ἐπὶ
1302 1787 1371 1850 τῶν
1396 1838 1450 1859 m„

223 1886 402 1978 Ἀδριανοῦ
431 1888 580 1979 χρόνων,
609 1887 835 1976 ἀπελεύθερος
865 1886 970 1958 αὐτοῦ
997 1891 1052 1958 καὶ
1076 1893 1113 1959 ἐν
1136 1905 1206 1971 τοῖς
1228 1889 1371 1978 μάλιστα

186 2019 211 2056 1⁵
226 2002 331 2084 φίλος.
378 1996 500 2085 γράφει
525 1990 588 2066 οὖν
612 2003 659 2077 είς
685 1994 857 2065 Ἀντίνοον
883 2002 1021 2066 ἔπαινον
1054 1994 1105 2082 [ὃς
1127 1991 1170 2085 ἦν
1190 1994 1371 2085 Ἀδριανοῦ

225 2103 390 2191 παιδικά,]
414 2105 469 2173 καὶ
493 2103 577 2173 ἄλλα
601 2103 748 2193 διάφορα
771 2107 862 2192 μέλη.

313 2213 495 2279 DXXVIH.
523 2213 758 2298 Μεταγένης
769 2209 958 2299 Ἀθηναῖος,
974 2211 1101 2281 δούλου
1115 2227 1202 2299 παῖς,
1216 2211 1370 2299 κωμικός.

225 2477 373 2547 exscripsit
398 2480 503 2535 Suidos
526 2480 614 2550 ipsius
638 2480 783 2536 Menandri
802 2480 919 2550 praeiet.
947 2485 984 2552 (p.
1010 2487 1062 2537 438
1087 2481 1181 2551 Nieb.;
1207 2481 1308 2537 Mifller
1331 2479 1371 2537 IV

225 2577 251 2628 p.
269 2565 333 2623 2013
356 2560 486 2630 Dindori‚
505 2561 576 2617 Hiet
597 2562 662 2616 min.
682 2562 706 2615 11
726 2580 753 2631 p.
772 2565 879 2629 esee).

296 2639 412 2694 DXXIII
427 2641 544 2697 Tractat
553 2640 705 2696 MeinekeI
718 2660 745 2711 p.
756 2646 871 2709 493seq.
887 2642 936 2710 qui
950 2646 979 2696 et
988 2638 1122 2711 Ἑρμιόνη
1133 2642 1327 2712 corrigendum
1341 2643 1386 2696 et¹
1450 2703 1456 2712 ,

224 2720 273 2775 καλ
291 2738 342 2790 pro
361 2714 378 2789 ἢ
398 2722 585 2778 revocandum
605 2721 725 2789 censuit,
744 2738 807 2775 cum
827 2717 956 2790 δράματα
971 2723 1006 2775 ed
1025 2722 1120 2791 plures
1135 2722 1292 2777 comoedias
1305 2738 1370 2792 spe-

225 2802 290 2856 ctet
324 2802 384 2872 Ego
403 2804 519 2859 lacunae
538 2803 649 2872 signum
668 2801 749 2870 posui
812 2798 995 2872 Ιὸραμάτων
1015 2801 1152 2857 Kusterus
1170 2797 1300 2872 δράματα
1318 2805 1370 2854 AV
1425 2813 1427 2817 ·

224 2883 297 2951 vulp.
330 2882 369 2937 Of.
390 2901 414 2937 v.
435 2881 607 2953 Δεξικράτης
626 2882 661 2938 sl.

295 2961 412 3017 DXXIV
431 2965 505 3018 Eud.
525 2981 552 3032 p.
568 2969 619 3016 493
692 2967 708 3015 9
728 2962 814 3017 verbe
832 2951 914 3023 οὗτος
932 2978 988 3030 seq.
1004 2961 1122 3015 δοίδυκα
1135 2960 1315 3033 adscripsisse
1335 2978 1369 3035 ex

225 3042 325 3097 Athen,
345 3043 395 3097 VII
419 3062 446 3113 p.
467 3049 518 3097 289
543 3042 599 3096 dixi
624 3042 691 3096 Mus.
715 3042 803 3096 Rhen.
824 3040 928 3096 XXXV
951 3060 977 3111 p.
998 3047 1058 3097 218.
1095 3040 1197 3096 Totam
1220 3041 1309 3095 vitem
1333 3041 1369 3097 de

224 3121 369 3177 Athenaeo
388 3124 508 3193 pendere
527 3129 623 3179 monet
641 3124 739 3192 Dauo,
761 3125 795 3178 de
815 3120 891 3176 Suid.
910 3140 937 3191 p.
956 3127 1010 3177 440
1027 3124 1085 3176 not.
1104 3128 1137 3177 41
1216 3112 1298 3184 οὗτος
1316 3119 1370 3193 μὲν

224 3197 330 3272 μισθὸν
348 3203 423 3259 Eud.
498 3210 512 3258 7
534 3201 688 3268 ίαοθὲντας
706 3205 781 3259 Euo.

296 3281 398 3336 DXXV
418 3284 493 3338 Eud.
512 3302 539 3353 p.
559 3290 619 3338 499.
658 3283 1134 3354 ef.Dfintzer,Ep.fr.11p.1os
1198 3281 1369 3352 9Αίγὲος9

223 3359 326 3426 ’,4ναὶος
345 3381 413 3421 corr.
433 3365 570 3420 Kimaros
589 3363 651 3420 coll.
671 3362 796 3418 Holsten.
816 3364 853 3418 ed
873 3364 969 3436 Steph.
986 3366 1050 3435 Bys.
1064 3383 1090 3420 v.
1108 3360 1184 3438 Ἀναί
1274 3370 1307 3419 10
1327 3358 1365 3432 ιβ’

224 3446 295 3515 sulp.
315 3446 391 3500 Eud.
412 3442 453 3500 ια’
475 3451 577 3498 Am
866 3466 870 3471 ·
1108 3480 1112 3489 ·

296 3526 410 3580 DXXVI
429 3528 505 3583 Eoo.
524 3546 551 3597 p.
570 3533 631 3582 499.
668 3526 707 3580 Cf.
727 3525 855 3581 Meineke
874 3525 886 3578 1
905 3545 931 3595 p.
951 3532 1017 3594 494,
1041 3526 1094 3594 qui,
1113 3526 1186 3579 hunc
1206 3523 1368 3593 Menippum

224 3604 357 3659 ficticium
380 3609 492 3676 poetam
517 3609 610 3677 putet,
635 3623 668 3661 ex
690 3606 802 3662 nomine
826 3605 972 3675 Hermippi
996 3606 1148 3671 detortum,
1172 3600 1370 3659 cuius'febule

225 3685 375 3754 Κίρκωπες
390 3686 535 3742 notissime
593 3694 623 3741 12
637 3685 735 3756 Ὀφεις
749 3689 813 3758 post
827 3683 978 3754 Κέρκωπες
993 3686 1056 3740 edd.
1072 3687 1158 3754 Eud,
1174 3684 1250 3754 quod
1265 3701 1368 3739 nomen

224 3781 273 3834 per
297 3783 417 3820 errorem
441 3765 665 3836 inexplicabilem
688 3768 864 3836 immigrasse
892 3766 1003 3836 putavit
1028 3766 1124 3834 Das-d,
1143 3765 1183 3820 'de
1202 3763 1275 3818 Viol.
1295 3782 1322 3833 p.
1343 3770 1368 3818 6.

224 3845 265 3899 De
285 3844 487 3914 significatione
504 3847 580 3901 vocis
599 3844 695 3915 Ὀφεις
714 3848 795 3903 docte
814 3847 969 3916 disputavit
982 3847 1110 3901 Meineke
1130 3846 1192 3902 coll.
1214 3848 1293 3901 Phot.
1313 3845 1367 3900 lex.

226 3945 249 3980 v.
264 3921 368 3994 Ὀφεις.
397 3926 436 3982 cf.
456 3929 566 3984 Unters.
586 3947 612 3998 p.
632 3934 675 3983 41.

295 4012 425 4068 DXXVII
444 4017 518 4070 Eud.
533 4032 560 4086 p.
572 4022 623 4071 499
683 4023 715 4070 13
729 4013 995 4085 ΜεσειμήδηςΕιιά.
1015 4012 1127 4086 λυρικός
1147 4011 1194 4070 ἐπὶ
1212 4010 1364 4085 Ἀδριανοῦ.

225 4092 349 4165 ἔγραψεν
365 4093 404 4157 είς
421 4091 484 4149 Ἀντ.
501 4127 534 4134 -
549 4094 617 4167 μέλη
633 4097 708 4151 Eud.
728 4096 843 4166 reliquis
858 4097 968 4152 omissis
1025 4105 1056 4152 14
1075 4097 1124 4152 καλ
1143 4113 1213 4150 corr.
1229 4096 1366 4151 Heenster·

224 4177 320 4231 hucine
356 4169 464 4244 ἢυαίμ.
484 4168 519 4244 ἦν
538 4177 622 4231 Daui)
659 4180 740 4246 φίλος
754 4183 855 4230 ΔΒἾΕ
876 4180 968 4247 φίλοις
987 4178 1057 4246 vulp.
1114 4183 1146 4230 15
1166 4167 1368 4244 δςηνἎδρια-

224 4257 277 4311 νοῦ
295 4253 414 4311 παιδικά
435 4272 488 4310 om.
512 4255 583 4310 [istd.
604 4257 722 4311 fortasse
742 4258 839 4312 lectori
859 4260 994 4314 debentur

295 4335 438 4392 DXXVIII
457 4335 531 4389 Eud.
547 4353 573 4404 p.
585 4342 645 4390 499.
674 4336 713 4390 Cf.
728 4336 856 4394 Meineke
875 4340 887 4392 Ι
905 4357 932 4408 p.
948 4344 999 4393 218
1014 4357 1053 4408 sq.
1118 4345 1149 4391 17
1169 4332 1273 4392 δούλου
1287 4343 1367 4398 παῖςτ

226 4418 422 4486 Wechsmuth‚
443 4418 536 4487 Symb.
554 4435 580 4487 p.
600 4422 662 4485 141,
682 4417 732 4470 sed
750 4435 813 4472 cum
832 4416 917 4474 δύλον
938 4423 1042 4480 noted
1060 4417 1173 4485 hebeat,
1192 4433 1243 4486 pro
1263 4412 1367 4471 δούλου

226 4499 293 4555 olim
311 4501 400 4569 petris
419 4515 520 4554 nomen
538 4497 663 4552 extitisse
682 4498 806 4569 suspicor
