<?xml version="1.0" encoding="UTF-8"?>
<!DOCTYPE html PUBLIC "-//W3C//DTD XHTML 1.0 Transitional//EN"
    "http://www.w3.org/TR/xhtml1/DTD/xhtml1-transitional.dtd">
<html xmlns="http://www.w3.org/1999/xhtml" xml:lang="en" lang="en">
 <head>
  <title>
</title>
<meta http-equiv="Content-Type" content="text/html;charset=utf-8" />
  <meta name='ocr-system' content='tesseract 3.04.00' />
  <meta name='ocr-capabilities' content='ocr_page ocr_carea ocr_par ocr_line ocrx_word'/>
</head>
<body>
  <div class='ocr_page' id='page_1' title='image "./hesychiimilesii01flacgoog_0156.png"; bbox 0 0 3036 5114; ppageno 0'>
   <div class='ocr_carea' id='block_1_1' title="bbox 599 280 1370 382">
    <p class='ocr_par' dir='ltr' id='par_1_1' title="bbox 599 280 1370 382">
     <span class='ocr_line' id='line_1_1' title="bbox 599 280 1370 382; baseline 0.009 -6"><span class='ocrx_word' id='word_1_1' title='bbox 599 320 814 378; x_wconf 74' lang='lat' dir='ltr'><strong>meremus,</strong></span> <span class='ocrx_word' id='word_1_2' title='bbox 1230 318 1272 382; x_wconf 75' lang='grc' dir='ltr'><strong><em>ιε</em></strong></span> <span class='ocrx_word' id='word_1_3' title='bbox 1363 280 1370 290; x_wconf 76' lang='grc'>’</span> 
     </span>
    </p>
   </div>
   <div class='ocr_carea' id='block_1_2' title="bbox 40 478 1405 3042">
    <p class='ocr_par' dir='ltr' id='par_1_2' title="bbox 125 478 1356 680">
     <span class='ocr_line' id='line_1_2' title="bbox 130 478 1356 579; baseline -0.006 -25"><span class='ocrx_word' id='word_1_4' title='bbox 130 480 196 576; x_wconf 68' lang='grc' dir='ltr'><strong><em>κήν</em></strong></span> <span class='ocrx_word' id='word_1_5' title='bbox 218 489 363 577; x_wconf 69' lang='grc' dir='ltr'><strong><em>ἔκδοσιν,</em></strong></span> <span class='ocrx_word' id='word_1_6' title='bbox 383 489 413 575; x_wconf 85' lang='grc' dir='ltr'><strong><em>εί</em></strong></span> <span class='ocrx_word' id='word_1_7' title='bbox 432 482 569 577; x_wconf 29' lang='grc' dir='ltr'><strong><em>μη--άρα</em></strong></span> <span class='ocrx_word' id='word_1_8' title='bbox 591 483 707 576; x_wconf 72' lang='grc' dir='ltr'><strong><em>ἐτέρου</em></strong></span> <span class='ocrx_word' id='word_1_9' title='bbox 730 486 809 579; x_wconf 82' lang='grc' dir='ltr'><strong><em>ἐστί.</em></strong></span> <span class='ocrx_word' id='word_1_10' title='bbox 855 480 1006 571; x_wconf 80' lang='grc' dir='ltr'><strong><em>δράματα</em></strong></span> <span class='ocrx_word' id='word_1_11' title='bbox 1029 478 1134 550; x_wconf 83' lang='grc' dir='ltr'><strong><em>αὐτοῦ</em></strong></span> <span class='ocrx_word' id='word_1_12' title='bbox 1157 483 1272 550; x_wconf 83' lang='grc' dir='ltr'><strong><em>ταῦτα·</em></strong></span> <span class='ocrx_word' id='word_1_13' title='bbox 1296 480 1318 522; x_wconf 65' lang='lat'><strong><em>“³</em></strong></span> <span class='ocrx_word' id='word_1_14' title='bbox 1351 482 1356 511; x_wconf 72' lang='lat'><strong>⁶</strong></span> 
     </span>
     <span class='ocr_line' id='line_1_3' title="bbox 125 589 673 680; baseline -0.002 -20"><span class='ocrx_word' id='word_1_15' title='bbox 125 589 291 680; x_wconf 79' lang='grc' dir='ltr'><strong><em>Ὀρέστης,</em></strong></span> <span class='ocrx_word' id='word_1_16' title='bbox 314 591 465 680; x_wconf 78' lang='grc' dir='ltr'><strong><em>Μήδεια,</em></strong></span> <span class='ocrx_word' id='word_1_17' title='bbox 489 592 673 679; x_wconf 79' lang='grc' dir='ltr'><strong><em>Πολυξένη.</em></strong></span> 
     </span>
    </p>

    <p class='ocr_par' dir='ltr' id='par_1_3' title="bbox 40 693 1405 3042">
     <span class='ocr_line' id='line_1_4' title="bbox 219 693 1405 787; baseline -0.003 -19"><span class='ocrx_word' id='word_1_18' title='bbox 219 701 482 768; x_wconf 80' lang='lat' dir='ltr'>CCLXXXVIII.</span> <span class='ocrx_word' id='word_1_19' title='bbox 519 697 740 787; x_wconf 85' lang='grc' dir='ltr'><strong><em>Εὐριπίδης</em></strong></span> <span class='ocrx_word' id='word_1_20' title='bbox 758 693 1007 785; x_wconf 82' lang='grc' dir='ltr'><strong><em>Μυησάρχουῆ</em></strong></span> <span class='ocrx_word' id='word_1_21' title='bbox 1029 700 1274 783; x_wconf 78' lang='grc' dir='ltr'><em>Μνησαρχίδου</em></span> <span class='ocrx_word' id='word_1_22' title='bbox 1304 698 1360 735; x_wconf 59' lang='lat'><strong><em>¹²³³</em></strong></span> <span class='ocrx_word' id='word_1_23' title='bbox 1396 694 1405 721; x_wconf 50' lang='grc'><strong><em>’“</em></strong></span> 
     </span>
     <span class='ocr_line' id='line_1_5' title="bbox 40 801 1273 894; baseline -0.002 -20"><span class='ocrx_word' id='word_1_24' title='bbox 40 871 41 874; x_wconf 74' lang='grc'><strong><em>,</em></strong></span> <span class='ocrx_word' id='word_1_25' title='bbox 129 807 186 875; x_wconf 80' lang='grc' dir='ltr'><strong><em>καὶ</em></strong></span> <span class='ocrx_word' id='word_1_26' title='bbox 211 811 382 892; x_wconf 86' lang='grc' dir='ltr'><strong><em>Κλειτοῦς,</em></strong></span> <span class='ocrx_word' id='word_1_27' title='bbox 406 813 441 875; x_wconf 81' lang='grc' dir='ltr'><strong><em>οἳ</em></strong></span> <span class='ocrx_word' id='word_1_28' title='bbox 461 806 644 894; x_wconf 90' lang='grc' dir='ltr'><strong><em>φεύγοντες</em></strong></span> <span class='ocrx_word' id='word_1_29' title='bbox 666 810 714 886; x_wconf 88' lang='grc' dir='ltr'><strong><em>είς</em></strong></span> <span class='ocrx_word' id='word_1_30' title='bbox 731 810 898 874; x_wconf 84' lang='grc' dir='ltr'><strong><em>Βοιωτίαν</em></strong></span> <span class='ocrx_word' id='word_1_31' title='bbox 921 803 1125 893; x_wconf 73' lang='grc' dir='ltr'><em>μετῴκησαν,</em></span> <span class='ocrx_word' id='word_1_32' title='bbox 1148 801 1217 872; x_wconf 82' lang='grc' dir='ltr'><strong><em>εἶτα</em></strong></span> <span class='ocrx_word' id='word_1_33' title='bbox 1237 805 1273 871; x_wconf 85' lang='grc' dir='ltr'><strong><em>ἐν</em></strong></span> 
     </span>
     <span class='ocr_line' id='line_1_6' title="bbox 130 903 1341 1004; baseline -0.005 -23"><span class='ocrx_word' id='word_1_34' title='bbox 130 918 171 1004; x_wconf 79' lang='grc' dir='ltr'><strong><em>τῇ</em></strong></span> <span class='ocrx_word' id='word_1_35' title='bbox 184 911 319 1002; x_wconf 71' lang='grc' dir='ltr'><strong><em>Ἀττικῇ.</em></strong></span> <span class='ocrx_word' id='word_1_36' title='bbox 347 911 409 982; x_wconf 82' lang='grc' dir='ltr'><strong><em>οὐκ</em></strong></span> <span class='ocrx_word' id='word_1_37' title='bbox 428 911 552 1000; x_wconf 76' lang='grc' dir='ltr'><strong><em>άληθδς</em></strong></span> <span class='ocrx_word' id='word_1_38' title='bbox 571 912 608 982; x_wconf 76' lang='grc' dir='ltr'><strong><em>δέ</em></strong></span> <span class='ocrx_word' id='word_1_39' title='bbox 627 910 671 992; x_wconf 77' lang='grc' dir='ltr'><strong><em>ὡς</em></strong></span> <span class='ocrx_word' id='word_1_40' title='bbox 689 911 919 999; x_wconf 76' lang='grc' dir='ltr'><strong><em>λαχανόπωλις</em></strong></span> <span class='ocrx_word' id='word_1_41' title='bbox 935 903 979 998; x_wconf 79' lang='grc' dir='ltr'><strong><em>ἦν</em></strong></span> <span class='ocrx_word' id='word_1_42' title='bbox 997 908 1017 998; x_wconf 83' lang='grc' dir='ltr'><em>ἡ</em></span> <span class='ocrx_word' id='word_1_43' title='bbox 1033 910 1138 999; x_wconf 80' lang='grc' dir='ltr'><em>μήτηρ</em></span> <span class='ocrx_word' id='word_1_44' title='bbox 1154 907 1302 978; x_wconf 84' lang='grc' dir='ltr'><strong><em>αύτοῦ·ε</em></strong></span> <span class='ocrx_word' id='word_1_45' title='bbox 1322 952 1341 998; x_wconf 57' lang='lat' dir='ltr'><strong><em>s</em></strong></span> 
     </span>
     <span class='ocr_line' id='line_1_7' title="bbox 129 1015 1284 1113; baseline -0.003 -23"><span class='ocrx_word' id='word_1_46' title='bbox 129 1023 185 1090; x_wconf 83' lang='grc' dir='ltr'><strong><em>καὶ</em></strong></span> <span class='ocrx_word' id='word_1_47' title='bbox 217 1019 282 1108; x_wconf 84' lang='grc' dir='ltr'><strong><em>γάρ</em></strong></span> <span class='ocrx_word' id='word_1_48' title='bbox 314 1025 382 1089; x_wconf 80' lang='grc' dir='ltr'><strong><em>των</em></strong></span> <span class='ocrx_word' id='word_1_49' title='bbox 415 1021 548 1110; x_wconf 91' lang='grc' dir='ltr'><strong><em>σφόδρα</em></strong></span> <span class='ocrx_word' id='word_1_50' title='bbox 581 1018 728 1107; x_wconf 77' lang='grc' dir='ltr'><strong><em>εὐγενῶν</em></strong></span> <span class='ocrx_word' id='word_1_51' title='bbox 759 1018 953 1107; x_wconf 77' lang='grc' dir='ltr'><strong><em>ἐτύγχανεν,</em></strong></span> <span class='ocrx_word' id='word_1_52' title='bbox 986 1015 1031 1113; x_wconf 68' lang='grc' dir='ltr'><strong><em>ᾡς</em></strong></span> <span class='ocrx_word' id='word_1_53' title='bbox 1056 1015 1284 1110; x_wconf 48' lang='grc' dir='ltr'><strong><em>άποδείκνυσι-</em></strong></span> 
     </span>
     <span class='ocr_line' id='line_1_8' title="bbox 133 1122 1275 1225; baseline -0.004 -29"><span class='ocrx_word' id='word_1_54' title='bbox 133 1127 327 1225; x_wconf 55' lang='grc' dir='ltr'><strong><em>φιλόχορος.</em></strong></span> <span class='ocrx_word' id='word_1_55' title='bbox 374 1129 425 1212; x_wconf 88' lang='grc' dir='ltr'><strong><em>[έν</em></strong></span> <span class='ocrx_word' id='word_1_56' title='bbox 450 1127 487 1196; x_wconf 73' lang='grc' dir='ltr'><strong><em>δέ</em></strong></span> <span class='ocrx_word' id='word_1_57' title='bbox 509 1131 549 1217; x_wconf 77' lang='grc' dir='ltr'><strong><em>τῇ</em></strong></span> <span class='ocrx_word' id='word_1_58' title='bbox 573 1127 725 1215; x_wconf 79' lang='grc' dir='ltr'><strong><em>διαβάσει</em></strong></span> <span class='ocrx_word' id='word_1_59' title='bbox 743 1127 869 1213; x_wconf 78' lang='grc' dir='ltr'><strong><em>Ξέρξου</em></strong></span> <span class='ocrx_word' id='word_1_60' title='bbox 892 1128 1108 1213; x_wconf 82' lang='grc' dir='ltr'><strong><em>ἐκυοφορεῖτο</em></strong></span> <span class='ocrx_word' id='word_1_61' title='bbox 1131 1122 1275 1211; x_wconf 80' lang='grc' dir='ltr'><strong><em>ὑπὸτῆς</em></strong></span> 
     </span>
     <span class='ocr_line' id='line_1_9' title="bbox 130 1219 1275 1324; baseline -0.003 -20"><span class='ocrx_word' id='word_1_62' title='bbox 130 1219 265 1324; x_wconf 77' lang='grc' dir='ltr'><strong><em>μητρός,</em></strong></span> <span class='ocrx_word' id='word_1_63' title='bbox 287 1234 343 1302; x_wconf 85' lang='grc' dir='ltr'><strong><em>καὶ</em></strong></span> <span class='ocrx_word' id='word_1_64' title='bbox 367 1234 484 1322; x_wconf 78' lang='grc' dir='ltr'><strong><em>ἐτέχθη</em></strong></span> <span class='ocrx_word' id='word_1_65' title='bbox 507 1234 586 1304; x_wconf 88' lang='grc' dir='ltr'><strong><em>καθ’</em></strong></span> <span class='ocrx_word' id='word_1_66' title='bbox 611 1233 655 1322; x_wconf 80' lang='grc' dir='ltr'><strong><em>ἢν</em></strong></span> <span class='ocrx_word' id='word_1_67' title='bbox 679 1233 806 1322; x_wconf 78' lang='grc' dir='ltr'><strong><em>ἡμέραν</em></strong></span> <span class='ocrx_word' id='word_1_68' title='bbox 817 1232 976 1321; x_wconf 85' lang='grc' dir='ltr'><strong><em>Ἕλληνες</em></strong></span> <span class='ocrx_word' id='word_1_69' title='bbox 999 1234 1179 1320; x_wconf 82' lang='grc' dir='ltr'><strong><em>ἐτρέψαντο</em></strong></span> <span class='ocrx_word' id='word_1_70' title='bbox 1197 1229 1275 1312; x_wconf 83' lang='grc' dir='ltr'><strong><em>τοὺς</em></strong></span> 
     </span>
     <span class='ocr_line' id='line_1_10' title="bbox 132 1339 1274 1429; baseline -0.004 -17"><span class='ocrx_word' id='word_1_71' title='bbox 132 1343 272 1427; x_wconf 91' lang='grc' dir='ltr'><strong><em>Πέρσας.</em></strong></span> <span class='ocrx_word' id='word_1_72' title='bbox 310 1342 426 1428; x_wconf 88' lang='grc' dir='ltr'><strong><em>γέγονε</em></strong></span> <span class='ocrx_word' id='word_1_73' title='bbox 451 1343 487 1411; x_wconf 75' lang='grc' dir='ltr'><strong><em>δὲ</em></strong></span> <span class='ocrx_word' id='word_1_74' title='bbox 510 1341 550 1411; x_wconf 89' lang='grc' dir='ltr'><strong><em>τά</em></strong></span> <span class='ocrx_word' id='word_1_75' title='bbox 573 1347 685 1429; x_wconf 80' lang='grc' dir='ltr'><strong><em>πρῶτα</em></strong></span> <span class='ocrx_word' id='word_1_76' title='bbox 709 1341 892 1429; x_wconf 79' lang='grc' dir='ltr'><strong><em>ζωγράφος,</em></strong></span> <span class='ocrx_word' id='word_1_77' title='bbox 916 1339 985 1411; x_wconf 81' lang='grc' dir='ltr'><strong><em>εἶτα</em></strong></span> <span class='ocrx_word' id='word_1_78' title='bbox 1009 1339 1162 1429; x_wconf 81' lang='grc' dir='ltr'><strong><em>μαθητὴς</em></strong></span> <span class='ocrx_word' id='word_1_79' title='bbox 1185 1348 1274 1422; x_wconf 51' lang='grc' dir='ltr'><strong><em>Προν</em></strong></span> 
     </span>
     <span class='ocr_line' id='line_1_11' title="bbox 131 1445 1315 1538; baseline -0.005 -20"><span class='ocrx_word' id='word_1_80' title='bbox 131 1454 229 1518; x_wconf 88' lang='grc' dir='ltr'><strong><em>δίκου</em></strong></span> <span class='ocrx_word' id='word_1_81' title='bbox 251 1448 312 1537; x_wconf 72' lang='grc' dir='ltr'><strong><em>μέν</em></strong></span> <span class='ocrx_word' id='word_1_82' title='bbox 336 1450 373 1517; x_wconf 89' lang='grc' dir='ltr'><strong><em>ἐν</em></strong></span> <span class='ocrx_word' id='word_1_83' title='bbox 396 1463 466 1530; x_wconf 80' lang='grc' dir='ltr'><strong><em>τοῖς</em></strong></span> <span class='ocrx_word' id='word_1_84' title='bbox 489 1453 687 1538; x_wconf 82' lang='grc' dir='ltr'><strong><em>ῥητορικοῖς,</em></strong></span> <span class='ocrx_word' id='word_1_85' title='bbox 711 1448 914 1535; x_wconf 80' lang='grc' dir='ltr'><strong><em>Σωκράτους</em></strong></span> <span class='ocrx_word' id='word_1_86' title='bbox 937 1449 974 1517; x_wconf 72' lang='grc' dir='ltr'><strong><em>δέ</em></strong></span> <span class='ocrx_word' id='word_1_87' title='bbox 998 1451 1034 1518; x_wconf 89' lang='grc' dir='ltr'><strong><em>έν</em></strong></span> <span class='ocrx_word' id='word_1_88' title='bbox 1053 1462 1123 1527; x_wconf 80' lang='grc' dir='ltr'><strong><em>τοῖς</em></strong></span> <span class='ocrx_word' id='word_1_89' title='bbox 1140 1445 1274 1535; x_wconf 79' lang='grc' dir='ltr'><strong><em>ἠθικοῖς</em></strong></span> <span class='ocrx_word' id='word_1_90' title='bbox 1290 1472 1315 1512; x_wconf 87' lang='grc' dir='ltr'><strong><em>ιο</em></strong></span> 
     </span>
     <span class='ocr_line' id='line_1_12' title="bbox 131 1554 1277 1643; baseline -0.002 -19"><span class='ocrx_word' id='word_1_91' title='bbox 131 1557 186 1624; x_wconf 83' lang='grc' dir='ltr'><strong><em>καὶ</em></strong></span> <span class='ocrx_word' id='word_1_92' title='bbox 219 1554 430 1643; x_wconf 83' lang='grc' dir='ltr'><strong><em>φιλοσόφοις.</em></strong></span> <span class='ocrx_word' id='word_1_93' title='bbox 481 1556 638 1643; x_wconf 78' lang='grc' dir='ltr'><strong><em>διήκουσε</em></strong></span> <span class='ocrx_word' id='word_1_94' title='bbox 668 1556 705 1625; x_wconf 72' lang='grc' dir='ltr'><strong><em>δέ</em></strong></span> <span class='ocrx_word' id='word_1_95' title='bbox 732 1558 787 1625; x_wconf 83' lang='grc' dir='ltr'><strong><em>καὶ</em></strong></span> <span class='ocrx_word' id='word_1_96' title='bbox 812 1555 1037 1643; x_wconf 79' lang='grc' dir='ltr'><strong><em>Ἀναξαγόρου</em></strong></span> <span class='ocrx_word' id='word_1_97' title='bbox 1063 1559 1124 1624; x_wconf 87' lang='grc' dir='ltr'><strong><em>τού</em></strong></span> <span class='ocrx_word' id='word_1_98' title='bbox 1151 1560 1244 1636; x_wconf 81' lang='grc' dir='ltr'><strong><em>Κλαζ</em></strong></span> <span class='ocrx_word' id='word_1_99' title='bbox 1264 1594 1277 1605; x_wconf 94' lang='grc'>-</span> 
     </span>
     <span class='ocr_line' id='line_1_13' title="bbox 132 1659 1277 1755; baseline -0.002 -24"><span class='ocrx_word' id='word_1_100' title='bbox 132 1669 258 1750; x_wconf 88' lang='grc' dir='ltr'><strong><em>μενίου.</em></strong></span> <span class='ocrx_word' id='word_1_101' title='bbox 291 1662 343 1730; x_wconf 78' lang='grc' dir='ltr'><strong><em>ἐπὶ</em></strong></span> <span class='ocrx_word' id='word_1_102' title='bbox 361 1667 552 1755; x_wconf 79' lang='grc' dir='ltr'><strong><em>τραγῳδίαν</em></strong></span> <span class='ocrx_word' id='word_1_103' title='bbox 576 1664 613 1733; x_wconf 78' lang='grc' dir='ltr'><strong><em>δέ</em></strong></span> <span class='ocrx_word' id='word_1_104' title='bbox 632 1663 755 1751; x_wconf 79' lang='grc' dir='ltr'><strong><em>ἐτράπη</em></strong></span> <span class='ocrx_word' id='word_1_105' title='bbox 774 1662 835 1733; x_wconf 88' lang='grc' dir='ltr'><strong><em>τὸν</em></strong></span> <span class='ocrx_word' id='word_1_106' title='bbox 850 1661 1073 1750; x_wconf 76' lang='grc' dir='ltr'><strong><em>Ἀναξαγόραν</em></strong></span> <span class='ocrx_word' id='word_1_107' title='bbox 1093 1661 1177 1731; x_wconf 80' lang='grc' dir='ltr'><strong><em>ίδών</em></strong></span> <span class='ocrx_word' id='word_1_108' title='bbox 1195 1659 1277 1730; x_wconf 82' lang='grc' dir='ltr'><strong><em>ὑπο-</em></strong></span> 
     </span>
     <span class='ocr_line' id='line_1_14' title="bbox 133 1767 1277 1860; baseline -0.001 -21"><span class='ocrx_word' id='word_1_109' title='bbox 133 1772 255 1840; x_wconf 91' lang='grc' dir='ltr'><strong><em>στάντα</em></strong></span> <span class='ocrx_word' id='word_1_110' title='bbox 282 1769 464 1850; x_wconf 77' lang='grc' dir='ltr'><strong><em>κινδύνους</em></strong></span> <span class='ocrx_word' id='word_1_111' title='bbox 492 1767 538 1838; x_wconf 89' lang='grc' dir='ltr'><strong><em>δι’</em></strong></span> <span class='ocrx_word' id='word_1_112' title='bbox 563 1769 646 1860; x_wconf 81' lang='grc' dir='ltr'><strong><em>άπερ</em></strong></span> <span class='ocrx_word' id='word_1_113' title='bbox 675 1774 781 1860; x_wconf 83' lang='grc' dir='ltr'><strong><em>εἰσῆξε</em></strong></span> <span class='ocrx_word' id='word_1_114' title='bbox 811 1770 968 1860; x_wconf 89' lang='grc' dir='ltr'><strong><em>δόγματα.</em></strong></span> <span class='ocrx_word' id='word_1_115' title='bbox 1011 1769 1212 1857; x_wconf 87' lang='grc' dir='ltr'><strong><em>σκυθρωπὸς</em></strong></span> <span class='ocrx_word' id='word_1_116' title='bbox 1240 1771 1277 1839; x_wconf 71' lang='grc' dir='ltr'><strong><em>δέ</em></strong></span> 
     </span>
     <span class='ocr_line' id='line_1_15' title="bbox 131 1869 1277 1966; baseline -0.001 -21"><span class='ocrx_word' id='word_1_117' title='bbox 131 1870 174 1965; x_wconf 77' lang='grc' dir='ltr'><strong><em>ἦν</em></strong></span> <span class='ocrx_word' id='word_1_118' title='bbox 201 1875 239 1947; x_wconf 85' lang='grc' dir='ltr'><strong><em>τὸ</em></strong></span> <span class='ocrx_word' id='word_1_119' title='bbox 268 1869 354 1965; x_wconf 83' lang='grc' dir='ltr'><strong><em>ἦθος</em></strong></span> <span class='ocrx_word' id='word_1_120' title='bbox 381 1877 435 1946; x_wconf 79' lang='grc' dir='ltr'><strong><em>καὶ</em></strong></span> <span class='ocrx_word' id='word_1_121' title='bbox 464 1875 602 1966; x_wconf 82' lang='grc' dir='ltr'><strong><em>άμειδὴς</em></strong></span> <span class='ocrx_word' id='word_1_122' title='bbox 628 1880 683 1946; x_wconf 79' lang='grc' dir='ltr'><strong><em>καὶ</em></strong></span> <span class='ocrx_word' id='word_1_123' title='bbox 711 1879 848 1966; x_wconf 85' lang='grc' dir='ltr'><strong><em>φεύγων</em></strong></span> <span class='ocrx_word' id='word_1_124' title='bbox 875 1877 934 1959; x_wconf 87' lang='grc' dir='ltr'><strong><em>τάς</em></strong></span> <span class='ocrx_word' id='word_1_125' title='bbox 963 1884 1160 1962; x_wconf 83' lang='grc' dir='ltr'><strong><em>συνουσίας,</em></strong></span> <span class='ocrx_word' id='word_1_126' title='bbox 1192 1875 1277 1945; x_wconf 83' lang='grc' dir='ltr'><strong><em>ὅθεν</em></strong></span> 
     </span>
     <span class='ocr_line' id='line_1_16' title="bbox 131 1983 1317 2074; baseline -0.001 -22"><span class='ocrx_word' id='word_1_127' title='bbox 131 1985 186 2052; x_wconf 83' lang='grc' dir='ltr'><strong><em>καὶ</em></strong></span> <span class='ocrx_word' id='word_1_128' title='bbox 214 1983 397 2073; x_wconf 83' lang='grc' dir='ltr'><strong><em>μισογύνης</em></strong></span> <span class='ocrx_word' id='word_1_129' title='bbox 424 1984 600 2072; x_wconf 79' lang='grc' dir='ltr'><strong><em>ἐδοξάσθη.</em></strong></span> <span class='ocrx_word' id='word_1_130' title='bbox 647 1991 746 2074; x_wconf 82' lang='grc' dir='ltr'><strong><em>ἔγημε</em></strong></span> <span class='ocrx_word' id='word_1_131' title='bbox 774 1986 811 2055; x_wconf 72' lang='grc' dir='ltr'><strong><em>δὲ</em></strong></span> <span class='ocrx_word' id='word_1_132' title='bbox 840 1983 929 2074; x_wconf 82' lang='grc' dir='ltr'><strong><em>ὅμως</em></strong></span> <span class='ocrx_word' id='word_1_133' title='bbox 957 1984 1091 2074; x_wconf 80' lang='grc' dir='ltr'><strong><em>πρώτην</em></strong></span> <span class='ocrx_word' id='word_1_134' title='bbox 1115 1985 1177 2073; x_wconf 67' lang='grc' dir='ltr'><strong><em>μέν</em></strong></span> <span class='ocrx_word' id='word_1_135' title='bbox 1201 1993 1317 2052; x_wconf 70' lang='lat' dir='ltr'><strong><em>Xer-1⁵</em></strong></span> 
     </span>
     <span class='ocr_line' id='line_1_17' title="bbox 133 2084 1277 2181; baseline 0 -21"><span class='ocrx_word' id='word_1_136' title='bbox 133 2098 232 2179; x_wconf 90' lang='grc' dir='ltr'><strong><em>ρίνηυ</em></strong></span> <span class='ocrx_word' id='word_1_137' title='bbox 264 2093 434 2179; x_wconf 81' lang='grc' dir='ltr'><strong><em>θυγατέρα</em></strong></span> <span class='ocrx_word' id='word_1_138' title='bbox 467 2092 703 2180; x_wconf 91' lang='grc' dir='ltr'><strong><em>Μυησιλόχου,</em></strong></span> <span class='ocrx_word' id='word_1_139' title='bbox 737 2094 769 2176; x_wconf 79' lang='grc' dir='ltr'><strong><em>ἐξ</em></strong></span> <span class='ocrx_word' id='word_1_140' title='bbox 801 2084 841 2180; x_wconf 77' lang='grc' dir='ltr'><strong><em>ἧς</em></strong></span> <span class='ocrx_word' id='word_1_141' title='bbox 873 2098 946 2181; x_wconf 82' lang='grc' dir='ltr'><strong><em>ἔσχε</em></strong></span> <span class='ocrx_word' id='word_1_142' title='bbox 974 2099 1194 2180; x_wconf 86' lang='grc' dir='ltr'><strong><em>Μυησίλοχον</em></strong></span> <span class='ocrx_word' id='word_1_143' title='bbox 1222 2093 1277 2160; x_wconf 79' lang='grc' dir='ltr'><strong><em>καὶ</em></strong></span> 
     </span>
     <span class='ocr_line' id='line_1_18' title="bbox 134 2197 1277 2289; baseline -0.002 -21"><span class='ocrx_word' id='word_1_144' title='bbox 134 2203 379 2288; x_wconf 89' lang='grc' dir='ltr'><strong><em>Μνησαρχίδην</em></strong></span> <span class='ocrx_word' id='word_1_145' title='bbox 405 2200 461 2268; x_wconf 78' lang='grc' dir='ltr'><strong><em>καὶ</em></strong></span> <span class='ocrx_word' id='word_1_146' title='bbox 495 2198 700 2288; x_wconf 83' lang='grc' dir='ltr'><strong><em>Εὐριπίδην,</em></strong></span> <span class='ocrx_word' id='word_1_147' title='bbox 729 2197 946 2289; x_wconf 88' lang='grc' dir='ltr'><strong><em>άπωσάμενος</em></strong></span> <span class='ocrx_word' id='word_1_148' title='bbox 978 2201 1016 2270; x_wconf 72' lang='grc' dir='ltr'><strong><em>δὲ</em></strong></span> <span class='ocrx_word' id='word_1_149' title='bbox 1047 2199 1171 2287; x_wconf 87' lang='grc' dir='ltr'><strong><em>ταύτην</em></strong></span> <span class='ocrx_word' id='word_1_150' title='bbox 1204 2204 1277 2286; x_wconf 89' lang='grc' dir='ltr'><strong><em>ἐσχε</em></strong></span> 
     </span>
     <span class='ocr_line' id='line_1_19' title="bbox 131 2305 1276 2396; baseline -0.003 -19"><span class='ocrx_word' id='word_1_151' title='bbox 131 2308 186 2378; x_wconf 80' lang='grc' dir='ltr'><strong><em>καὶ</em></strong></span> <span class='ocrx_word' id='word_1_152' title='bbox 210 2309 379 2394; x_wconf 91' lang='grc' dir='ltr'><strong><em>δευτέραν,</em></strong></span> <span class='ocrx_word' id='word_1_153' title='bbox 402 2307 457 2375; x_wconf 82' lang='grc' dir='ltr'><strong><em>καλ</em></strong></span> <span class='ocrx_word' id='word_1_154' title='bbox 480 2306 602 2395; x_wconf 88' lang='grc' dir='ltr'><strong><em>ταύτης</em></strong></span> <span class='ocrx_word' id='word_1_155' title='bbox 625 2305 749 2396; x_wconf 86' lang='grc' dir='ltr'><strong><em>ὁμοίως</em></strong></span> <span class='ocrx_word' id='word_1_156' title='bbox 770 2306 959 2378; x_wconf 89' lang='grc' dir='ltr'><strong><em>άκολάστου</em></strong></span> <span class='ocrx_word' id='word_1_157' title='bbox 976 2313 1158 2395; x_wconf 85' lang='grc' dir='ltr'><strong><em>πειραθείς.</em></strong></span> <span class='ocrx_word' id='word_1_158' title='bbox 1194 2305 1276 2375; x_wconf 89' lang='grc' dir='ltr'><strong><em>άπά-</em></strong></span> 
     </span>
     <span class='ocr_line' id='line_1_20' title="bbox 134 2408 1277 2505; baseline 0.001 -22"><span class='ocrx_word' id='word_1_159' title='bbox 134 2443 194 2503; x_wconf 90' lang='grc' dir='ltr'><strong><em>ρας</em></strong></span> <span class='ocrx_word' id='word_1_160' title='bbox 222 2416 259 2484; x_wconf 71' lang='grc' dir='ltr'><strong><em>δέ</em></strong></span> <span class='ocrx_word' id='word_1_161' title='bbox 289 2411 345 2483; x_wconf 80' lang='grc' dir='ltr'><strong><em>ἀπ’</em></strong></span> <span class='ocrx_word' id='word_1_162' title='bbox 368 2412 524 2502; x_wconf 78' lang='grc' dir='ltr'><strong><em>Ἀθηνῶυ</em></strong></span> <span class='ocrx_word' id='word_1_163' title='bbox 552 2408 636 2503; x_wconf 83' lang='grc' dir='ltr'><strong><em>ἦλθε</em></strong></span> <span class='ocrx_word' id='word_1_164' title='bbox 664 2414 747 2503; x_wconf 85' lang='grc' dir='ltr'><strong><em>πρὸς</em></strong></span> <span class='ocrx_word' id='word_1_165' title='bbox 767 2415 944 2505; x_wconf 87' lang='grc' dir='ltr'><strong><em>Ἀρχέλαον</em></strong></span> <span class='ocrx_word' id='word_1_166' title='bbox 966 2415 1026 2484; x_wconf 91' lang='grc' dir='ltr'><strong><em>τὸν</em></strong></span> <span class='ocrx_word' id='word_1_167' title='bbox 1048 2416 1187 2504; x_wconf 79' lang='grc' dir='ltr'><strong><em>βασιλέα</em></strong></span> <span class='ocrx_word' id='word_1_168' title='bbox 1210 2419 1277 2484; x_wconf 80' lang='grc' dir='ltr'><strong><em>τῶν</em></strong></span> 
     </span>
     <span class='ocr_line' id='line_1_21' title="bbox 134 2513 1319 2615; baseline 0.003 -27"><span class='ocrx_word' id='word_1_169' title='bbox 134 2519 356 2607; x_wconf 87' lang='grc' dir='ltr'><strong><em>Μακεδόνων,</em></strong></span> <span class='ocrx_word' id='word_1_170' title='bbox 379 2518 458 2608; x_wconf 87' lang='grc' dir='ltr'><strong><em>παρ’</em></strong></span> <span class='ocrx_word' id='word_1_171' title='bbox 485 2513 511 2615; x_wconf 76' lang='grc' dir='ltr'><strong><em>ςδ</em></strong></span> <span class='ocrx_word' id='word_1_172' title='bbox 536 2526 630 2610; x_wconf 82' lang='grc' dir='ltr'><strong><em>διῆγε</em></strong></span> <span class='ocrx_word' id='word_1_173' title='bbox 651 2527 711 2609; x_wconf 82' lang='grc' dir='ltr'><strong><em>τῆς</em></strong></span> <span class='ocrx_word' id='word_1_174' title='bbox 733 2521 836 2610; x_wconf 86' lang='grc' dir='ltr'><strong><em>άκρας</em></strong></span> <span class='ocrx_word' id='word_1_175' title='bbox 858 2522 1041 2593; x_wconf 90' lang='grc' dir='ltr'><strong><em>άπολαύωυ</em></strong></span> <span class='ocrx_word' id='word_1_176' title='bbox 1063 2528 1166 2612; x_wconf 78' lang='grc' dir='ltr'><strong><em>τιμῆς.</em></strong></span> <span class='ocrx_word' id='word_1_177' title='bbox 1212 2525 1277 2592; x_wconf 87' lang='grc' dir='ltr'><strong><em>ἐτε-</em></strong></span> <span class='ocrx_word' id='word_1_178' title='bbox 1292 2553 1319 2592; x_wconf 86' lang='lat' dir='ltr'><strong><em>eo</em></strong></span> 
     </span>
     <span class='ocr_line' id='line_1_22' title="bbox 133 2626 1277 2718; baseline 0 -22"><span class='ocrx_word' id='word_1_179' title='bbox 133 2626 270 2715; x_wconf 88' lang='grc' dir='ltr'><strong><em>λεύτησε</em></strong></span> <span class='ocrx_word' id='word_1_180' title='bbox 303 2627 340 2696; x_wconf 72' lang='grc' dir='ltr'><strong><em>δὲ</em></strong></span> <span class='ocrx_word' id='word_1_181' title='bbox 371 2626 436 2698; x_wconf 78' lang='grc' dir='ltr'><strong><em>ὑπὸ</em></strong></span> <span class='ocrx_word' id='word_1_182' title='bbox 472 2631 652 2716; x_wconf 76' lang='grc' dir='ltr'><strong><em>ἐπιβουλῆς</em></strong></span> <span class='ocrx_word' id='word_1_183' title='bbox 676 2627 869 2718; x_wconf 76' lang='grc' dir='ltr'><strong><em>Ἀρριβαίου</em></strong></span> <span class='ocrx_word' id='word_1_184' title='bbox 900 2636 961 2700; x_wconf 87' lang='grc' dir='ltr'><strong><em>τού</em></strong></span> <span class='ocrx_word' id='word_1_185' title='bbox 992 2630 1191 2712; x_wconf 88' lang='grc' dir='ltr'><strong><em>Μακεδόνος</em></strong></span> <span class='ocrx_word' id='word_1_186' title='bbox 1222 2626 1277 2697; x_wconf 84' lang='grc' dir='ltr'><strong><em>καλ</em></strong></span> 
     </span>
     <span class='ocr_line' id='line_1_23' title="bbox 134 2735 1277 2826; baseline 0.001 -23"><span class='ocrx_word' id='word_1_187' title='bbox 134 2735 289 2822; x_wconf 87' lang='grc' dir='ltr'><strong><em>Κρατεύα</em></strong></span> <span class='ocrx_word' id='word_1_188' title='bbox 322 2740 382 2804; x_wconf 86' lang='grc' dir='ltr'><strong><em>τοῦ</em></strong></span> <span class='ocrx_word' id='word_1_189' title='bbox 409 2740 592 2822; x_wconf 82' lang='grc' dir='ltr'><strong><em>Θετταλοῦ,</em></strong></span> <span class='ocrx_word' id='word_1_190' title='bbox 624 2741 772 2823; x_wconf 80' lang='grc' dir='ltr'><strong><em>ποιητῶν</em></strong></span> <span class='ocrx_word' id='word_1_191' title='bbox 805 2735 914 2808; x_wconf 79' lang='grc' dir='ltr'><strong><em>ὄντων</em></strong></span> <span class='ocrx_word' id='word_1_192' title='bbox 943 2739 999 2806; x_wconf 84' lang='grc' dir='ltr'><strong><em>καλ</em></strong></span> <span class='ocrx_word' id='word_1_193' title='bbox 1026 2737 1277 2826; x_wconf 86' lang='grc' dir='ltr'><strong><em>φθονησάντων</em></strong></span> 
     </span>
     <span class='ocr_line' id='line_1_24' title="bbox 134 2837 1277 2934; baseline 0.002 -24"><span class='ocrx_word' id='word_1_194' title='bbox 134 2839 235 2934; x_wconf 77' lang='grc' dir='ltr'><strong><em>αύτῷ,</em></strong></span> <span class='ocrx_word' id='word_1_195' title='bbox 253 2843 442 2912; x_wconf 86' lang='grc' dir='ltr'><strong><em>πεισάντων</em></strong></span> <span class='ocrx_word' id='word_1_196' title='bbox 461 2871 494 2912; x_wconf 92' lang='grc' dir='ltr'><strong><em>τε</em></strong></span> <span class='ocrx_word' id='word_1_197' title='bbox 511 2842 571 2913; x_wconf 87' lang='grc' dir='ltr'><strong><em>τὸν</em></strong></span> <span class='ocrx_word' id='word_1_198' title='bbox 586 2846 748 2930; x_wconf 86' lang='grc' dir='ltr'><strong><em>βασιλέως</em></strong></span> <span class='ocrx_word' id='word_1_199' title='bbox 762 2847 893 2934; x_wconf 88' lang='grc' dir='ltr'><strong><em>οίκέτην</em></strong></span> <span class='ocrx_word' id='word_1_200' title='bbox 907 2844 1056 2933; x_wconf 80' lang='grc' dir='ltr'><strong><em>τοῦνομα</em></strong></span> <span class='ocrx_word' id='word_1_201' title='bbox 1071 2837 1277 2933; x_wconf 86' lang='grc' dir='ltr'><strong><em>Λυσίμαχον,</em></strong></span> 
     </span>
     <span class='ocr_line' id='line_1_25' title="bbox 87 2947 1278 3042; baseline 0.003 -25"><span class='ocrx_word' id='word_1_202' title='bbox 87 2955 90 2963; x_wconf 86' lang='grc'><strong>’</strong></span> <span class='ocrx_word' id='word_1_203' title='bbox 134 2947 160 3017; x_wconf 82' lang='grc' dir='ltr'><strong><em>ι’</em></strong></span> <span class='ocrx_word' id='word_1_204' title='bbox 183 2952 278 3037; x_wconf 80' lang='grc' dir='ltr'><strong><em>μνιύυ</em></strong></span> <span class='ocrx_word' id='word_1_205' title='bbox 301 2947 545 3037; x_wconf 85' lang='grc' dir='ltr'><strong><em>άγορασθέντα,</em></strong></span> <span class='ocrx_word' id='word_1_206' title='bbox 569 2950 647 3031; x_wconf 80' lang='grc' dir='ltr'><strong><em>τοὺς</em></strong></span> <span class='ocrx_word' id='word_1_207' title='bbox 664 2953 825 3038; x_wconf 88' lang='grc' dir='ltr'><strong><em>βασιλέως</em></strong></span> <span class='ocrx_word' id='word_1_208' title='bbox 844 2949 904 3034; x_wconf 82' lang='grc' dir='ltr'><strong><em>οὓς</em></strong></span> <span class='ocrx_word' id='word_1_209' title='bbox 922 2951 1021 3035; x_wconf 90' lang='grc' dir='ltr'><strong><em>αύτδς</em></strong></span> <span class='ocrx_word' id='word_1_210' title='bbox 1040 2959 1155 3042; x_wconf 83' lang='grc' dir='ltr'><strong><em>ἔτρεφε</em></strong></span> <span class='ocrx_word' id='word_1_211' title='bbox 1172 2953 1278 3033; x_wconf 87' lang='grc' dir='ltr'><strong><em>κύνας</em></strong></span> 
     </span>
    </p>
   </div>
   <div class='ocr_carea' id='block_1_3' title="bbox 131 3108 1278 3266">
    <p class='ocr_par' dir='ltr' id='par_1_4' title="bbox 131 3108 1278 3266">
     <span class='ocr_line' id='line_1_26' title="bbox 131 3108 1278 3188; baseline 0.002 -22"><span class='ocrx_word' id='word_1_212' title='bbox 131 3113 227 3167; x_wconf 75' lang='lat' dir='ltr'><strong>noetro</strong></span> <span class='ocrx_word' id='word_1_213' title='bbox 246 3113 308 3167; x_wconf 85' lang='lat' dir='ltr'><strong>loeo</strong></span> <span class='ocrx_word' id='word_1_214' title='bbox 324 3117 402 3168; x_wconf 89' lang='grc' dir='ltr'><strong><em>Δισν.</em></strong></span> <span class='ocrx_word' id='word_1_215' title='bbox 418 3112 446 3181; x_wconf 90' lang='lat' dir='ltr'><strong><em>(i.</em></strong></span> <span class='ocrx_word' id='word_1_216' title='bbox 462 3127 484 3166; x_wconf 89' lang='lat' dir='ltr'><strong><em>e.</em></strong></span> <span class='ocrx_word' id='word_1_217' title='bbox 500 3110 624 3168; x_wconf 79' lang='lat' dir='ltr'><strong>musicae</strong></span> <span class='ocrx_word' id='word_1_218' title='bbox 637 3113 771 3168; x_wconf 75' lang='lat' dir='ltr'><strong>historiae</strong></span> <span class='ocrx_word' id='word_1_219' title='bbox 786 3116 894 3183; x_wconf 73' lang='lat' dir='ltr'><strong>auctor)</strong></span> <span class='ocrx_word' id='word_1_220' title='bbox 914 3113 984 3188; x_wconf 78' lang='grc' dir='ltr'><strong><em>(καλ</em></strong></span> <span class='ocrx_word' id='word_1_221' title='bbox 1000 3110 1226 3187; x_wconf 81' lang='grc' dir='ltr'><strong><em>Ἐρατοσθένης)</em></strong></span> <span class='ocrx_word' id='word_1_222' title='bbox 1246 3108 1278 3169; x_wconf 82' lang='grc' dir='ltr'><strong><em>ἐν</em></strong></span> 
     </span>
     <span class='ocr_line' id='line_1_27' title="bbox 133 3191 1159 3266; baseline 0.005 -21"><span class='ocrx_word' id='word_1_223' title='bbox 133 3197 191 3255; x_wconf 76' lang='grc' dir='ltr'><strong><em>τοῖς</em></strong></span> <span class='ocrx_word' id='word_1_224' title='bbox 210 3198 350 3262; x_wconf 83' lang='grc' dir='ltr'><strong><em>χρονικοῖς</em></strong></span> <span class='ocrx_word' id='word_1_225' title='bbox 368 3191 501 3257; x_wconf 71' lang='lat' dir='ltr'><strong>ienievit3</strong></span> <span class='ocrx_word' id='word_1_226' title='bbox 520 3193 655 3248; x_wconf 89' lang='lat' dir='ltr'><strong>librorum</strong></span> <span class='ocrx_word' id='word_1_227' title='bbox 673 3193 822 3250; x_wconf 79' lang='lat' dir='ltr'><strong>lectionem</strong></span> <span class='ocrx_word' id='word_1_228' title='bbox 842 3195 992 3250; x_wconf 75' lang='lat' dir='ltr'><strong>tenendam</strong></span> <span class='ocrx_word' id='word_1_229' title='bbox 1011 3212 1071 3249; x_wconf 81' lang='lat' dir='ltr'><strong>esse</strong></span> <span class='ocrx_word' id='word_1_230' title='bbox 1090 3198 1159 3266; x_wconf 79' lang='lat' dir='ltr'><strong>puto</strong></span> 
     </span>
    </p>
   </div>
   <div class='ocr_carea' id='block_1_4' title="bbox 90 3280 1364 4541">
    <p class='ocr_par' dir='ltr' id='par_1_5' title="bbox 206 3280 1279 3354">
     <span class='ocr_line' id='line_1_28' title="bbox 206 3280 1279 3354; baseline 0.003 -20"><span class='ocrx_word' id='word_1_231' title='bbox 206 3280 417 3337; x_wconf 82' lang='lat' dir='ltr'>CCLXXXVIII</span> <span class='ocrx_word' id='word_1_232' title='bbox 439 3281 595 3351; x_wconf 73' lang='lat' dir='ltr'><strong>Deseripeii</strong></span> <span class='ocrx_word' id='word_1_233' title='bbox 613 3282 698 3337; x_wconf 76' lang='lat' dir='ltr'><strong>eiiam</strong></span> <span class='ocrx_word' id='word_1_234' title='bbox 717 3283 829 3340; x_wconf 84' lang='lat' dir='ltr'><strong>Menuel</strong></span> <span class='ocrx_word' id='word_1_235' title='bbox 849 3284 1055 3354; x_wconf 80' lang='lat' dir='ltr'><strong>Moschopulus.</strong></span> <span class='ocrx_word' id='word_1_236' title='bbox 1084 3285 1125 3337; x_wconf 86' lang='lat' dir='ltr'><strong><em>De</em></strong></span> <span class='ocrx_word' id='word_1_237' title='bbox 1147 3284 1200 3338; x_wconf 83' lang='lat' dir='ltr'><strong><em>hae</em></strong></span> <span class='ocrx_word' id='word_1_238' title='bbox 1219 3284 1279 3337; x_wconf 75' lang='lat' dir='ltr'><strong>v&#39;ita</strong></span> 
     </span>
    </p>

    <p class='ocr_par' dir='ltr' id='par_1_6' title="bbox 135 3358 1278 3434">
     <span class='ocr_line' id='line_1_29' title="bbox 135 3358 1278 3434; baseline 0.005 -22"><span class='ocrx_word' id='word_1_239' title='bbox 135 3359 278 3428; x_wconf 79' lang='lat' dir='ltr'><strong>disputavi</strong></span> <span class='ocrx_word' id='word_1_240' title='bbox 296 3361 366 3416; x_wconf 79' lang='lat' dir='ltr'><strong><em>Mus.</em></strong></span> <span class='ocrx_word' id='word_1_241' title='bbox 382 3361 469 3416; x_wconf 85' lang='lat' dir='ltr'><strong>Rhen.</strong></span> <span class='ocrx_word' id='word_1_242' title='bbox 484 3361 587 3415; x_wconf 84' lang='lat' dir='ltr'>XXXV</span> <span class='ocrx_word' id='word_1_243' title='bbox 600 3380 627 3432; x_wconf 88' lang='lat' dir='ltr'><strong><em>p.</em></strong></span> <span class='ocrx_word' id='word_1_244' title='bbox 643 3368 708 3431; x_wconf 74' lang='lat'>⁶210,</span> <span class='ocrx_word' id='word_1_245' title='bbox 728 3381 783 3434; x_wconf 89' lang='lat' dir='ltr'><strong><em>quo</em></strong></span> <span class='ocrx_word' id='word_1_246' title='bbox 801 3363 863 3419; x_wconf 90' lang='lat' dir='ltr'><strong>loco</strong></span> <span class='ocrx_word' id='word_1_247' title='bbox 883 3365 969 3418; x_wconf 79' lang='lat' dir='ltr'><strong>verbe</strong></span> <span class='ocrx_word' id='word_1_248' title='bbox 992 3360 1023 3420; x_wconf 88' lang='grc' dir='ltr'><strong><em>ἐν</em></strong></span> <span class='ocrx_word' id='word_1_249' title='bbox 1042 3361 1074 3418; x_wconf 73' lang='grc' dir='ltr'><strong><em>δέ</em></strong></span> <span class='ocrx_word' id='word_1_250' title='bbox 1093 3364 1126 3434; x_wconf 80' lang='grc' dir='ltr'><strong><em>τῇ</em></strong></span> <span class='ocrx_word' id='word_1_251' title='bbox 1147 3358 1278 3431; x_wconf 82' lang='grc' dir='ltr'><strong><em>διαβάσει</em></strong></span> 
     </span>
    </p>

    <p class='ocr_par' dir='ltr' id='par_1_7' title="bbox 90 3435 1364 4399">
     <span class='ocr_line' id='line_1_30' title="bbox 90 3435 1312 3514; baseline 0.001 -21"><span class='ocrx_word' id='word_1_252' title='bbox 90 3442 93 3448; x_wconf 88' lang='grc'><strong>’</strong></span> <span class='ocrx_word' id='word_1_253' title='bbox 134 3469 168 3480; x_wconf 93' lang='lat'><strong><em>·-</em></strong></span> <span class='ocrx_word' id='word_1_254' title='bbox 187 3437 237 3493; x_wconf 90' lang='grc' dir='ltr'><strong><em>τδν</em></strong></span> <span class='ocrx_word' id='word_1_255' title='bbox 256 3438 373 3512; x_wconf 79' lang='grc' dir='ltr'><strong><em>βασιλέα</em></strong></span> <span class='ocrx_word' id='word_1_256' title='bbox 392 3440 450 3510; x_wconf 84' lang='lat' dir='ltr'><strong>(vel</strong></span> <span class='ocrx_word' id='word_1_257' title='bbox 468 3441 519 3495; x_wconf 83' lang='grc' dir='ltr'><strong><em>τού</em></strong></span> <span class='ocrx_word' id='word_1_258' title='bbox 536 3435 723 3512; x_wconf 70' lang='grc' dir='ltr'><strong><em>Ἀρεθουσίου)</em></strong></span> <span class='ocrx_word' id='word_1_259' title='bbox 742 3444 778 3498; x_wconf 82' lang='lat' dir='ltr'><strong><em>eb</em></strong></span> <span class='ocrx_word' id='word_1_260' title='bbox 793 3444 932 3514; x_wconf 78' lang='lat' dir='ltr'><strong>Hesychio</strong></span> <span class='ocrx_word' id='word_1_261' title='bbox 948 3444 1128 3498; x_wconf 79' lang='lat' dir='ltr'><strong>elieneduxi.</strong></span> <span class='ocrx_word' id='word_1_262' title='bbox 1154 3442 1279 3496; x_wconf 85' lang='lat' dir='ltr'><strong>Priorem</strong></span> <span class='ocrx_word' id='word_1_263' title='bbox 1308 3487 1312 3492; x_wconf 96' lang='lat'>.</span> 
     </span>
     <span class='ocr_line' id='line_1_31' title="bbox 134 3520 1279 3596; baseline 0.001 -22"><span class='ocrx_word' id='word_1_264' title='bbox 134 3520 322 3574; x_wconf 71' lang='lat' dir='ltr'><strong>narrationem</strong></span> <span class='ocrx_word' id='word_1_265' title='bbox 340 3523 468 3590; x_wconf 79' lang='lat' dir='ltr'><strong>praestat</strong></span> <span class='ocrx_word' id='word_1_266' title='bbox 487 3522 572 3575; x_wconf 76' lang='lat' dir='ltr'><strong>etiem</strong></span> <span class='ocrx_word' id='word_1_267' title='bbox 592 3522 836 3596; x_wconf 81' lang='grc' dir='ltr'><strong><em>Ρειαδο-Ηωγαλ.</em></strong></span> <span class='ocrx_word' id='word_1_268' title='bbox 857 3541 879 3577; x_wconf 85' lang='lat' dir='ltr'><strong><em>e.</em></strong></span> <span class='ocrx_word' id='word_1_269' title='bbox 894 3530 928 3579; x_wconf 79' lang='lat'><strong><em>28</em></strong></span> <span class='ocrx_word' id='word_1_270' title='bbox 948 3524 1033 3594; x_wconf 81' lang='lat' dir='ltr'><strong>paulo</strong></span> <span class='ocrx_word' id='word_1_271' title='bbox 1052 3524 1162 3576; x_wconf 80' lang='lat' dir='ltr'><strong>mutato</strong></span> <span class='ocrx_word' id='word_1_272' title='bbox 1182 3521 1279 3576; x_wconf 88' lang='lat' dir='ltr'><strong>ordine</strong></span> 
     </span>
     <span class='ocr_line' id='line_1_32' title="bbox 133 3598 1278 3675; baseline 0.001 -19"><span class='ocrx_word' id='word_1_273' title='bbox 133 3600 281 3656; x_wconf 77' lang='lat' dir='ltr'><strong>verborum</strong></span> <span class='ocrx_word' id='word_1_274' title='bbox 344 3607 360 3655; x_wconf 83' lang='lat'>6</span> <span class='ocrx_word' id='word_1_275' title='bbox 381 3601 510 3669; x_wconf 85' lang='lat' dir='ltr'><strong>Siebelis‚</strong></span> <span class='ocrx_word' id='word_1_276' title='bbox 531 3602 656 3659; x_wconf 89' lang='lat' dir='ltr'><strong>Philooh.</strong></span> <span class='ocrx_word' id='word_1_277' title='bbox 677 3603 710 3658; x_wconf 78' lang='lat' dir='ltr'><strong><em>fr.</em></strong></span> <span class='ocrx_word' id='word_1_278' title='bbox 729 3623 756 3674; x_wconf 91' lang='lat' dir='ltr'><strong><em>p.</em></strong></span> <span class='ocrx_word' id='word_1_279' title='bbox 777 3611 820 3673; x_wconf 77' lang='grc'><strong><em>87,</em></strong></span> <span class='ocrx_word' id='word_1_280' title='bbox 839 3604 940 3658; x_wconf 83' lang='lat' dir='ltr'><strong>Mr&#39;ssler</strong></span> <span class='ocrx_word' id='word_1_281' title='bbox 960 3605 971 3658; x_wconf 91' lang='lat' dir='ltr'>I</span> <span class='ocrx_word' id='word_1_282' title='bbox 990 3623 1017 3675; x_wconf 90' lang='lat' dir='ltr'><strong><em>p.</em></strong></span> <span class='ocrx_word' id='word_1_283' title='bbox 1037 3609 1088 3658; x_wconf 79' lang='lat'><strong><em>412</em></strong></span> <span class='ocrx_word' id='word_1_284' title='bbox 1127 3598 1165 3666; x_wconf 81' lang='grc' dir='ltr'><strong><em>ὡς</em></strong></span> <span class='ocrx_word' id='word_1_285' title='bbox 1184 3599 1278 3673; x_wconf 86' lang='grc' dir='ltr'><strong><em>Φιλόχ.</em></strong></span> 
     </span>
     <span class='ocr_line' id='line_1_33' title="bbox 134 3675 1278 3755; baseline 0.002 -20"><span class='ocrx_word' id='word_1_286' title='bbox 134 3675 335 3735; x_wconf 75' lang='grc' dir='ltr'><strong><em>ἀποδείκνυσιν</em></strong></span> <span class='ocrx_word' id='word_1_287' title='bbox 357 3682 461 3736; x_wconf 68' lang='lat' dir='ltr'><strong>Mosco.</strong></span> <span class='ocrx_word' id='word_1_288' title='bbox 535 3679 676 3754; x_wconf 83' lang='grc' dir='ltr'><strong><em>8ἐτέχθη</em></strong></span> <span class='ocrx_word' id='word_1_289' title='bbox 695 3683 727 3740; x_wconf 70' lang='grc' dir='ltr'><strong><em>δέ</em></strong></span> <span class='ocrx_word' id='word_1_290' title='bbox 745 3687 816 3741; x_wconf 81' lang='lat' dir='ltr'><strong>Moe.</strong></span> <span class='ocrx_word' id='word_1_291' title='bbox 838 3681 967 3755; x_wconf 62' lang='grc' dir='ltr'><strong><em>ἐτέθηϊ</em></strong></span> <span class='ocrx_word' id='word_1_292' title='bbox 1040 3680 1188 3754; x_wconf 80' lang='grc' dir='ltr'><strong><em>9ἐγένετο</em></strong></span> <span class='ocrx_word' id='word_1_293' title='bbox 1207 3684 1278 3738; x_wconf 85' lang='lat' dir='ltr'><strong>Moe.</strong></span> 
     </span>
     <span class='ocr_line' id='line_1_34' title="bbox 136 3757 1364 3833; baseline 0.003 -19"><span class='ocrx_word' id='word_1_294' title='bbox 136 3765 169 3814; x_wconf 88' lang='lat'><strong><em>10</em></strong></span> <span class='ocrx_word' id='word_1_295' title='bbox 188 3758 240 3830; x_wconf 73' lang='grc' dir='ltr'><strong><em>μὲν</em></strong></span> <span class='ocrx_word' id='word_1_296' title='bbox 260 3778 313 3816; x_wconf 88' lang='lat' dir='ltr'><strong><em>om.</em></strong></span> <span class='ocrx_word' id='word_1_297' title='bbox 334 3761 405 3817; x_wconf 83' lang='lat' dir='ltr'><strong>Moe.</strong></span> <span class='ocrx_word' id='word_1_298' title='bbox 482 3770 513 3817; x_wconf 82' lang='lat'><strong><em>13</em></strong></span> <span class='ocrx_word' id='word_1_299' title='bbox 532 3765 666 3819; x_wconf 84' lang='grc' dir='ltr'><strong><em>κίνδυνον</em></strong></span> <span class='ocrx_word' id='word_1_300' title='bbox 686 3767 757 3821; x_wconf 82' lang='lat' dir='ltr'><strong>Moe.</strong></span> <span class='ocrx_word' id='word_1_301' title='bbox 818 3762 988 3833; x_wconf 83' lang='grc' dir='ltr'><strong><em>σκυθρωπός</em></strong></span> <span class='ocrx_word' id='word_1_302' title='bbox 1006 3768 1077 3819; x_wconf 78' lang='lat' dir='ltr'><strong><em>teV</em></strong></span> <span class='ocrx_word' id='word_1_303' title='bbox 1140 3769 1173 3817; x_wconf 80' lang='lat'><strong><em>14</em></strong></span> <span class='ocrx_word' id='word_1_304' title='bbox 1191 3757 1227 3832; x_wconf 80' lang='grc' dir='ltr'><strong><em>ἦν</em></strong></span> <span class='ocrx_word' id='word_1_305' title='bbox 1246 3761 1277 3818; x_wconf 84' lang='grc' dir='ltr'><strong><em>τό</em></strong></span> <span class='ocrx_word' id='word_1_306' title='bbox 1363 3795 1364 3798; x_wconf 61' lang='lat'><em>=</em></span> 
     </span>
     <span class='ocr_line' id='line_1_35' title="bbox 133 3830 1279 3915; baseline 0.003 -19"><span class='ocrx_word' id='word_1_307' title='bbox 133 3830 210 3911; x_wconf 82' lang='grc' dir='ltr'><strong><em>ἦθος</em></strong></span> <span class='ocrx_word' id='word_1_308' title='bbox 228 3841 301 3895; x_wconf 80' lang='lat' dir='ltr'><strong>Moe.</strong></span> <span class='ocrx_word' id='word_1_309' title='bbox 322 3837 353 3896; x_wconf 88' lang='grc' dir='ltr'><strong><em>τδ</em></strong></span> <span class='ocrx_word' id='word_1_310' title='bbox 373 3834 446 3910; x_wconf 73' lang='grc' dir='ltr'><strong><em>ἦθος</em></strong></span> <span class='ocrx_word' id='word_1_311' title='bbox 466 3859 518 3897; x_wconf 86' lang='lat' dir='ltr'><strong><em>om.</em></strong></span> <span class='ocrx_word' id='word_1_312' title='bbox 539 3847 647 3897; x_wconf 72' lang='lat' dir='ltr'><strong><em>RVH</em></strong></span> <span class='ocrx_word' id='word_1_313' title='bbox 720 3851 753 3900; x_wconf 78' lang='lat'><strong><em>15</em></strong></span> <span class='ocrx_word' id='word_1_314' title='bbox 772 3840 918 3914; x_wconf 88' lang='grc' dir='ltr'><strong><em>μισόγυνις</em></strong></span> <span class='ocrx_word' id='word_1_315' title='bbox 930 3849 1005 3898; x_wconf 76' lang='lat' dir='ltr'><strong><em>BVE</em></strong></span> <span class='ocrx_word' id='word_1_316' title='bbox 1078 3844 1188 3911; x_wconf 80' lang='grc' dir='ltr'><strong><em>πρῶτον</em></strong></span> <span class='ocrx_word' id='word_1_317' title='bbox 1206 3846 1279 3915; x_wconf 75' lang='grc' dir='ltr'><strong><em>νει-λς.</em></strong></span> 
     </span>
     <span class='ocr_line' id='line_1_36' title="bbox 134 3917 1280 3995; baseline 0.004 -19"><span class='ocrx_word' id='word_1_318' title='bbox 134 3917 247 3989; x_wconf 77' lang='grc' dir='ltr'><strong><em>πρώτην</em></strong></span> <span class='ocrx_word' id='word_1_319' title='bbox 261 3925 363 3973; x_wconf 71' lang='grc' dir='ltr'><strong><em>ΔΜ</em></strong></span> <span class='ocrx_word' id='word_1_320' title='bbox 421 3928 452 3977; x_wconf 85' lang='grc'><strong><em>18</em></strong></span> <span class='ocrx_word' id='word_1_321' title='bbox 472 3925 679 3992; x_wconf 71' lang='grc' dir='ltr'><strong><em>πειρασθελςῚ</em></strong></span> <span class='ocrx_word' id='word_1_322' title='bbox 734 3920 910 3995; x_wconf 78' lang='grc' dir='ltr'><strong><em>μεταναστὰς</em></strong></span> <span class='ocrx_word' id='word_1_323' title='bbox 929 3922 960 3980; x_wconf 75' lang='grc' dir='ltr'><strong><em>δὲ</em></strong></span> <span class='ocrx_word' id='word_1_324' title='bbox 980 3919 1033 3978; x_wconf 75' lang='grc' dir='ltr'><strong><em>ἀπ’</em></strong></span> <span class='ocrx_word' id='word_1_325' title='bbox 1051 3926 1123 3980; x_wconf 85' lang='lat' dir='ltr'><strong>Moe.</strong></span> <span class='ocrx_word' id='word_1_326' title='bbox 1181 3932 1212 3982; x_wconf 89' lang='grc'><strong><em>19</em></strong></span> <span class='ocrx_word' id='word_1_327' title='bbox 1230 3923 1280 3981; x_wconf 86' lang='grc' dir='ltr'><strong><em>τὸν</em></strong></span> 
     </span>
     <span class='ocr_line' id='line_1_37' title="bbox 137 3999 1202 4073; baseline 0.005 -18"><span class='ocrx_word' id='word_1_328' title='bbox 137 4017 190 4055; x_wconf 80' lang='grc' dir='ltr'><strong><em>σιω.</em></strong></span> <span class='ocrx_word' id='word_1_329' title='bbox 212 4001 284 4054; x_wconf 84' lang='lat' dir='ltr'><strong>Moe.</strong></span> <span class='ocrx_word' id='word_1_330' title='bbox 304 4000 352 4055; x_wconf 88' lang='lat' dir='ltr'><strong><em>ubi</em></strong></span> <span class='ocrx_word' id='word_1_331' title='bbox 372 4002 436 4056; x_wconf 83' lang='lat' dir='ltr'><strong>edd.</strong></span> <span class='ocrx_word' id='word_1_332' title='bbox 452 4003 589 4059; x_wconf 70' lang='grc' dir='ltr'><strong><em>Μασίστην.</em></strong></span> <span class='ocrx_word' id='word_1_333' title='bbox 610 4006 665 4060; x_wconf 82' lang='grc' dir='ltr'><strong><em>τῶν</em></strong></span> <span class='ocrx_word' id='word_1_334' title='bbox 686 4024 738 4062; x_wconf 91' lang='lat' dir='ltr'><strong><em>om.</em></strong></span> <span class='ocrx_word' id='word_1_335' title='bbox 758 4011 780 4057; x_wconf 85' lang='lat' dir='ltr'>V</span> <span class='ocrx_word' id='word_1_336' title='bbox 853 4011 887 4059; x_wconf 80' lang='lat'><strong><em>20</em></strong></span> <span class='ocrx_word' id='word_1_337' title='bbox 907 4005 1006 4073; x_wconf 81' lang='grc' dir='ltr'><strong><em>διῆγεν</em></strong></span> <span class='ocrx_word' id='word_1_338' title='bbox 1025 3999 1114 4071; x_wconf 85' lang='grc' dir='ltr'><strong><em>άκρας</em></strong></span> <span class='ocrx_word' id='word_1_339' title='bbox 1132 4006 1202 4061; x_wconf 85' lang='lat' dir='ltr'><strong>Moe.</strong></span> 
     </span>
     <span class='ocr_line' id='line_1_38' title="bbox 135 4077 1278 4157; baseline 0.005 -21"><span class='ocrx_word' id='word_1_340' title='bbox 135 4089 168 4136; x_wconf 78' lang='lat'><strong><em>21</em></strong></span> <span class='ocrx_word' id='word_1_341' title='bbox 195 4079 225 4148; x_wconf 78' lang='grc' dir='ltr'><strong><em>ἐξ</em></strong></span> <span class='ocrx_word' id='word_1_342' title='bbox 246 4077 319 4156; x_wconf 80' lang='grc' dir='ltr'><strong><em>έπιβ.</em></strong></span> <span class='ocrx_word' id='word_1_343' title='bbox 343 4084 416 4138; x_wconf 77' lang='lat' dir='ltr'><strong>Moe.</strong></span> <span class='ocrx_word' id='word_1_344' title='bbox 505 4079 660 4157; x_wconf 85' lang='grc' dir='ltr'><strong><em>Ἀρριβαίου</em></strong></span> <span class='ocrx_word' id='word_1_345' title='bbox 680 4092 753 4140; x_wconf 76' lang='lat' dir='ltr'><strong><em>Aev</em></strong></span> <span class='ocrx_word' id='word_1_346' title='bbox 778 4087 850 4141; x_wconf 85' lang='lat' dir='ltr'><strong>Mos.</strong></span> <span class='ocrx_word' id='word_1_347' title='bbox 871 4086 1008 4140; x_wconf 79' lang='lat' dir='ltr'><strong>Weeterm.</strong></span> <span class='ocrx_word' id='word_1_348' title='bbox 1031 4079 1183 4152; x_wconf 74' lang='grc' dir='ltr'><strong><em>Ἀρριδαίου</em></strong></span> <span class='ocrx_word' id='word_1_349' title='bbox 1206 4089 1278 4157; x_wconf 68' lang='lat' dir='ltr'><strong><em>only.</em></strong></span> 
     </span>
     <span class='ocr_line' id='line_1_39' title="bbox 134 4157 1278 4236; baseline 0.003 -19"><span class='ocrx_word' id='word_1_350' title='bbox 134 4162 214 4231; x_wconf 80' lang='lat' dir='ltr'><strong>(quie</strong></span> <span class='ocrx_word' id='word_1_351' title='bbox 230 4157 395 4231; x_wconf 71' lang='grc' dir='ltr'><strong><em>Ἀρριδαῖος,</em></strong></span> <span class='ocrx_word' id='word_1_352' title='bbox 413 4164 487 4218; x_wconf 77' lang='lat' dir='ltr'><strong>filius</strong></span> <span class='ocrx_word' id='word_1_353' title='bbox 505 4163 642 4236; x_wconf 89' lang='lat' dir='ltr'><strong>Philippi,</strong></span> <span class='ocrx_word' id='word_1_354' title='bbox 662 4168 781 4221; x_wconf 78' lang='lat' dir='ltr'><strong>occurrit</strong></span> <span class='ocrx_word' id='word_1_355' title='bbox 800 4167 872 4221; x_wconf 74' lang='lat' dir='ltr'>Plut.</span> <span class='ocrx_word' id='word_1_356' title='bbox 893 4165 969 4220; x_wconf 82' lang='lat' dir='ltr'><strong>Alex.</strong></span> <span class='ocrx_word' id='word_1_357' title='bbox 992 4167 1035 4233; x_wconf 85' lang='lat'><strong><em>10)</em></strong></span> <span class='ocrx_word' id='word_1_358' title='bbox 1099 4171 1132 4218; x_wconf 76' lang='lat'><strong><em>23</em></strong></span> <span class='ocrx_word' id='word_1_359' title='bbox 1151 4166 1200 4220; x_wconf 84' lang='grc' dir='ltr'><strong><em>καλ</em></strong></span> <span class='ocrx_word' id='word_1_360' title='bbox 1219 4186 1278 4221; x_wconf 84' lang='grc' dir='ltr'><strong><em>πει-</em></strong></span> 
     </span>
     <span class='ocr_line' id='line_1_40' title="bbox 134 4238 1279 4316; baseline 0.003 -19"><span class='ocrx_word' id='word_1_361' title='bbox 134 4238 244 4297; x_wconf 86' lang='grc' dir='ltr'><strong><em>σάντων</em></strong></span> <span class='ocrx_word' id='word_1_362' title='bbox 264 4244 338 4299; x_wconf 88' lang='grc' dir='ltr'><strong><em>Μοε.</em></strong></span> <span class='ocrx_word' id='word_1_363' title='bbox 358 4241 597 4315; x_wconf 84' lang='grc' dir='ltr'><strong><em>φθονιυσάντων,</em></strong></span> <span class='ocrx_word' id='word_1_364' title='bbox 616 4250 648 4301; x_wconf 76' lang='lat' dir='ltr'><strong><em>ut</em></strong></span> <span class='ocrx_word' id='word_1_365' title='bbox 665 4248 783 4316; x_wconf 80' lang='lat' dir='ltr'><strong>videtur,</strong></span> <span class='ocrx_word' id='word_1_366' title='bbox 798 4254 833 4316; x_wconf 79' lang='grc' dir='ltr'><strong><em>Δ;</em></strong></span> <span class='ocrx_word' id='word_1_367' title='bbox 853 4250 944 4302; x_wconf 79' lang='lat' dir='ltr'><strong>totum</strong></span> <span class='ocrx_word' id='word_1_368' title='bbox 958 4246 1051 4301; x_wconf 86' lang='lat' dir='ltr'><strong>locum</strong></span> <span class='ocrx_word' id='word_1_369' title='bbox 1068 4251 1136 4299; x_wconf 78' lang='lat' dir='ltr'><strong><em>exA</em></strong></span> <span class='ocrx_word' id='word_1_370' title='bbox 1154 4246 1279 4300; x_wconf 73' lang='lat' dir='ltr'><strong>restituii</strong></span> 
     </span>
     <span class='ocr_line' id='line_1_41' title="bbox 134 4320 1223 4399; baseline 0.004 -21"><span class='ocrx_word' id='word_1_371' title='bbox 134 4324 272 4379; x_wconf 76' lang='lat' dir='ltr'><strong><em>Kueierue</em></strong></span> <span class='ocrx_word' id='word_1_372' title='bbox 289 4321 448 4379; x_wconf 77' lang='grc' dir='ltr'><strong><em>πεισάντων</em></strong></span> <span class='ocrx_word' id='word_1_373' title='bbox 467 4344 496 4379; x_wconf 87' lang='grc' dir='ltr'><strong><em>τε</em></strong></span> <span class='ocrx_word' id='word_1_374' title='bbox 516 4322 566 4380; x_wconf 86' lang='grc' dir='ltr'><strong><em>τόν</em></strong></span> <span class='ocrx_word' id='word_1_375' title='bbox 587 4326 722 4399; x_wconf 84' lang='grc' dir='ltr'><strong><em>βασιλέως</em></strong></span> <span class='ocrx_word' id='word_1_376' title='bbox 740 4326 852 4397; x_wconf 80' lang='grc' dir='ltr'><strong><em>οἰκέτην</em></strong></span> <span class='ocrx_word' id='word_1_377' title='bbox 870 4322 959 4388; x_wconf 83' lang='grc' dir='ltr'><strong><em>κύνας</em></strong></span> <span class='ocrx_word' id='word_1_378' title='bbox 978 4320 1132 4391; x_wconf 70' lang='grc' dir='ltr'><strong><em>ἐπαφεῖναι</em></strong></span> <span class='ocrx_word' id='word_1_379' title='bbox 1151 4327 1223 4395; x_wconf 74' lang='grc' dir='ltr'><strong><em>ναίμ.</em></strong></span> 
     </span>
    </p>

    <p class='ocr_par' dir='ltr' id='par_1_8' title="bbox 112 4399 1278 4541">
     <span class='ocr_line' id='line_1_42' title="bbox 112 4399 1278 4478; baseline 0.003 -20"><span class='ocrx_word' id='word_1_380' title='bbox 112 4399 261 4474; x_wconf 85' lang='grc' dir='ltr'><strong><em>’τούνομα</em></strong></span> <span class='ocrx_word' id='word_1_381' title='bbox 282 4435 315 4445; x_wconf 90' lang='grc'>-</span> <span class='ocrx_word' id='word_1_382' title='bbox 334 4402 469 4474; x_wconf 79' lang='grc' dir='ltr'><strong><em>βασιλέως</em></strong></span> <span class='ocrx_word' id='word_1_383' title='bbox 487 4405 563 4462; x_wconf 83' lang='lat' dir='ltr'><strong>solue</strong></span> <span class='ocrx_word' id='word_1_384' title='bbox 582 4407 645 4461; x_wconf 79' lang='lat' dir='ltr'>add.</span> <span class='ocrx_word' id='word_1_385' title='bbox 665 4413 701 4476; x_wconf 84' lang='grc' dir='ltr'><strong><em>Δ,</em></strong></span> <span class='ocrx_word' id='word_1_386' title='bbox 721 4403 810 4478; x_wconf 87' lang='grc' dir='ltr'><strong><em>ὄνομα</em></strong></span> <span class='ocrx_word' id='word_1_387' title='bbox 830 4408 968 4464; x_wconf 75' lang='lat' dir='ltr'><strong><em>Weetemt.</em></strong></span> <span class='ocrx_word' id='word_1_388' title='bbox 1031 4410 1065 4459; x_wconf 74' lang='lat'><strong><em>24</em></strong></span> <span class='ocrx_word' id='word_1_389' title='bbox 1084 4399 1173 4471; x_wconf 76' lang='grc' dir='ltr'><strong><em>κύνας</em></strong></span> <span class='ocrx_word' id='word_1_390' title='bbox 1191 4406 1220 4460; x_wconf 92' lang='lat' dir='ltr'><strong><em>in</em></strong></span> <span class='ocrx_word' id='word_1_391' title='bbox 1240 4407 1278 4462; x_wconf 80' lang='lat' dir='ltr'><strong><em>le-</em></strong></span> 
     </span>
     <span class='ocr_line' id='line_1_43' title="bbox 136 4490 318 4541; baseline 0 -3"><span class='ocrx_word' id='word_1_392' title='bbox 136 4500 209 4540; x_wconf 82' lang='lat' dir='ltr'><strong>oune</strong></span> <span class='ocrx_word' id='word_1_393' title='bbox 227 4490 318 4541; x_wconf 84' lang='lat' dir='ltr'><strong>om.v</strong></span> 
     </span>
    </p>
   </div>
   <div class='ocr_carea' id='block_1_5' title="bbox 0 0 1528 5114">
    <p class='ocr_par' dir='ltr' id='par_1_9' title="bbox 0 0 1528 5114">
     <span class='ocr_line' id='line_1_44' title="bbox 0 0 1528 5114; baseline 0 0"><span class='ocrx_word' id='word_1_394' title='bbox 0 0 1528 5114; x_wconf 95' lang='lat' dir='ltr'><strong><em> </em></strong></span> 
     </span>
    </p>
   </div>
  </div>
 </body>
</html>
