3036 5114
629 327 842 385 HESYCHIUS.
1243 329 1306 394 135

160 491 355 579 κοννησιος,
380 488 567 579 φιλόσοφος
585 488 809 569 Πλατωνικός.
849 495 970 576 ἔγραψε
990 490 1161 578 φιλόσοφα
1182 492 1237 559 καλ
1258 497 1305 572 είς

162 597 224 685 τὴν
247 598 431 677 Πλάτωνος
452 602 622 664 πολιτείαν
645 602 758 682 βιβλία
781 596 824 683 γ’.

250 709 305 773 DI.
343 704 580 792 Μέναιχμος
602 703 802 789 Σικυώνιος,
827 703 899 783 υίὸς
915 702 1082 790 Ἀλκιβίου
1105 701 1125 791 ἢ
1145 702 1304 790 Ἀλκιβιά-

161 818 241 900 δον,
266 813 439 902 ἱστορικός.
475 814 592 900 γέγονε
612 811 648 879 δὲ
668 811 720 879 ἐπὶ
739 815 807 880 τῶν
826 810 1003 899 διαδόχων.
1050 817 1194 899 ἔγραψεν
1218 815 1305 880 ίστο-

162 925 239 1005 ρίαν
263 919 324 1007 τὴν
348 918 429 988 κατὰ
452 918 513 988 τὸν
533 917 716 986 Μακεδόνα
737 914 965 1004 Ἀλέξανδρον.
1320 943 1333 982 s

251 1031 324 1096 DII.
365 1026 564 1105 Μάνεθως
598 1027 777 1111 Μένδητος
808 1028 866 1111 τῆς
898 1026 1088 1111 Αίγύπτου,
1125 1024 1304 1114 ἀρχιερεύς.

165 1140 288 1221 ἔγραψε
310 1134 385 1222 περὶ
407 1136 612 1219 κατασκευης
634 1136 774 1219 κυφίων.

248 1253 336 1319 DIlI.
355 1256 396 1316 Μ
400 1247 552 1327 άνεθως
563 1246 778 1325 Διοσπόλεως
791 1251 849 1331 τῆς
860 1245 1032 1332 Αἰγύπτου
1042 1244 1066 1333 ἢ
1081 1250 1303 1336 Σεβεννύτης.

159 1356 396 1444 φνσιολογικά,
421 1352 699 1440 άποτελεσματικδι
724 1349 769 1420 δι’
792 1355 881 1421 ε’πῶν
905 1352 967 1421 καί
984 1352 1068 1421 άλλα
1089 1354 1163 1423 τινά
1184 1354 1302 1445 ἀστρο-

158 1463 360 1551 νομούμενα.
1319 1491 1343 1529 ιο

248 1573 335 1639 DIV.
360 1570 541 1657 Μάξιμός
564 1566 685 1655 Τύριος
703 1565 900 1655 φιλόσοφος,
921 1570 1068 1655 διέτριψε
1088 1569 1125 1638 δέ
1143 1572 1180 1638 έν
1195 1567 1303 1660 Ῥώμη

161 1678 214 1744 έπλ
242 1677 413 1765 Κομόδου.
459 1677 534 1765 περὶ
563 1673 723 1762 Ὁμήρου,
750 1674 806 1741 καλ
829 1680 878 1755 τίς
905 1672 926 1762 ἡ
958 1673 1038 1765 παρ’
1064 1674 1153 1769 αὐτῷ
1182 1675 1303 1766 άρχαία

161 1789 361 1870 φιλοσοφία,
394 1789 425 1851 εί
452 1788 561 1863 καλῶς
584 1781 767 1870 Σωκράτης
791 1779 851 1850 οὐκ
874 1778 1117 1872 ἀπελογήσατο,
1141 1787 1195 1853 καὶ
1219 1785 1303 1855 άλλα

162 1889 237 1959 τινά
261 1892 432 1979 φιλόσοφα
456 1889 628 1978 ζητήματα.

245 2008 316 2075 DV.
364 2006 568 2093 Μάξιμος
604 2003 804 2092 Ἠπειρώτης
831 2000 852 2091 ἢ
885 2005 1068 2087 Βυζάντιος
1101 2007 1298 2095 φιλόσοφος,
1319 2034 1343 2072 ιε

64 2187 66 2190 ,
158 2112 358 2192 διδάσκαλος
377 2114 566 2183 Ἰονλιανοῦ
586 2117 756 2198 Καίσαρος
773 2115 834 2179 τοῦ
853 2111 1056 2200 παραβάτου.
1085 2120 1208 2201 ἔγραψε
1226 2116 1301 2200 περὶ

158 2281 190 2286 --
197 2280 280 2287 ---..
291 2280 369 2286 ...ω--

158 2400 212 2436 om.
227 2383 302 2437 Eue.
372 2390 387 2438 2
407 2380 458 2453 τὴν
474 2413 505 2421 -
521 2381 665 2435 πολιτείαν
684 2380 777 2449 recepi
796 2396 829 2435 ex
843 2379 919 2435 Ειαλ.
938 2377 988 2443 τὰς
1004 2413 1033 2437 .-
1051 2383 1193 2445 πολιτείας
1213 2383 1303 2450 Sciet„

158 2462 192 2516 cf.
213 2481 237 2517 v.
255 2459 441 2534 Ὀνόσανδρος

227 2550 264 2604 DI
285 2552 359 2606 Eue.
379 2570 405 2621 p.
420 2557 481 2605 493.
512 2549 552 2604 cf.
572 2548 686 2616 Miller,
706 2548 805 2618 Script.
821 2550 863 2604 Al.
880 2569 907 2619 p.
924 2557 974 2605 145
1029 2558 1045 2605 3
1064 2550 1219 2622 Μάνεχμος
1237 2570 1301 2623 pars

157 2630 219 2687 libr.
238 2631 405 2701 Μέναιχμος
426 2647 495 2685 corr.
517 2631 622 2685 Μιλλλιν
711 2636 727 2683 5
751 2631 807 2684 τῶν
831 2630 931 2684 meluit
950 2631 1083 2698 Gaisserd
1106 2629 1213 2701 ο1.τὴν
1237 2634 1301 2688 libri

156 2711 235 2766 Soio.
252 2712 328 2767 Eud.

227 2792 279 2845 DII
297 2810 351 2847 om.
363 2792 499 2847 ll'esterm.
519 2791 634 2845 Tractat
647 2789 749 2845 Milller
764 2791 789 2844 ΙΙ
801 2810 828 2861 p.
839 2797 889 2846 611
942 2800 958 2847 6
973 2790 1120 2855 Μάνεδως
1130 2799 1204 2848 ARV
1219 2793 1300 2849 Μάν-

114 2900 115 2905 κ
158 2876 249 2934 arboe
267 2873 317 2927 rel.
332 2869 481 2940 Μένδητος
496 2869 596 2941 scripsi
614 2871 737 2926 monitus
756 2888 773 2924 ο
789 2872 976 2929 Gutsctmidio
995 2874 1070 2943 (coll.
1084 2893 1109 2929 v.
1125 2878 1202 2930 Μαν.
1219 2883 1299 2930 Διοσ-

155 2947 272 3021 πόλεως)
290 2949 408 3021 Μένδης
426 2948 663 3024 suppleveritis
683 2952 753 3007 coni.
773 2954 932 3009 Helslcnius
956 2954 992 3008 ad
1012 2953 1106 3024 Steph.
1132 2974 1157 3010 v.
1173 2953 1300 3023 Μένδης,
1387 2976 1390 2980 ’

155 3035 299 3103 Μενδίτης
313 3032 357 3087 vel
372 3029 535 3102 Mescinium
550 3033 693 3088 Καείωαο.
714 3032 859 3100 Goisferdi
874 3034 1127 3103 interpunctionem
1147 3035 1196 3104 τῆς
1216 3032 1296 3104 Αίγύ-

155 3133 226 3168 πτον
240 3108 301 3183 άρχ.
316 3115 431 3167 sustulit
444 3114 623 3183 Bernhardy,
641 3113 689 3181 qui
704 3115 852 3182 utrumque
863 3113 1060 3169 Manethonem
1076 3132 1108 3168 ex
1124 3133 1179 3170 uno
1194 3116 1298 3169 factum

154 3210 213 3247 csse
239 3192 395 3262 suspicatus
423 3197 478 3261 est,
508 3193 583 3262 quod
610 3192 781 3262 improbavit
808 3196 980 3262 Gutsctmid3
1013 3195 1131 3249 alterum
1161 3215 1298 3249 summum

154 3273 276 3342 Aegypti
297 3273 470 3328 sacerdotem
493 3274 578 3328 fnisse
607 3275 719 3328 constat
744 3268 892 3344 ἀρχιερεύς
919 3273 982 3328 libr.
1013 3276 1080 3329 Per.
1110 3272 1202 3343 ίερεύς
1224 3282 1247 3328 V
1270 3277 1299 3331 in

154 3369 241 3422 marg.
261 3355 332 3423 ναῖς.

112 3454 115 3461 ·
228 3432 292 3485 DIII
317 3432 705 3504 cf.Mo11erl.c.;synee11.
726 3453 751 3503 p.
768 3439 814 3501 23,
830 3439 859 3501 9,
883 3451 938 3502 que
957 3434 1019 3488 loeo
1044 3436 1140 3488 auctor
1163 3435 1227 3489 libri
1250 3437 1298 3504 τῆς

154 3507 274 3576 Σύδεος
293 3532 322 3569 se
346 3515 444 3570 laudat
461 3514 538 3585 γένει
557 3510 734 3584 Σεβεννύτης
752 3509 887 3582 ὑπάρχων
908 3508 1131 3581 Ἡλιουπολίτης,
1156 3507 1173 3583 ἢ
1195 3522 1297 3570 Διοπε-

154 3593 230 3661 λίτης
248 3611 298 3663 pro
314 3590 370 3649 Ἡλ.
392 3613 458 3650 corr.
479 3596 640 3650 Gutsctmirl

225 3671 290 3727 DlV
308 3673 383 3728 Eud.
404 3694 431 3744 p.
450 3680 503 3728 494
577 3681 607 3727 11
633 3672 664 3729 δὲ
690 3691 743 3735 σω,
764 3674 853 3740 Erat,
877 3691 947 3742 quae
969 3676 1034 3742 post
1052 3671 1185 3745 Κομόδου
1205 3672 1297 3748 pergit

156 3750 262 3822 ἔγραψε
282 3750 402 3817 πολλοὺς
421 3750 595 3823 φιλοσόφους
614 3751 726 3823 λόγους,
746 3746 784 3808 ὧν
804 3756 925 3824 πρῶτος,
944 3755 986 3816 τίς
1004 3750 1018 3807 ὃ
1039 3751 1109 3818 θεὸς
1126 3752 1200 3810 ’κατά
1219 3754 1296 3811 litoi-

154 3854 230 3886 τωνα
248 3833 283 3887 de
303 3834 403 3902 quibus
423 3835 456 3888 cf.
476 3835 585 3889 Unters.
604 3853 631 3904 p.
651 3840 698 3902 41,
724 3834 817 3901 Deub,
837 3835 871 3890 de
890 3834 963 3890 Viol.
985 3853 1011 3905 p.
1032 3841 1048 3888 6
1068 3836 1144 3901 Μαξ.
1166 3840 1231 3905 Τνρ.
1252 3834 1295 3891 λό-

154 3935 202 3983 γος
220 3914 284 3983 περὶ
302 3915 353 3969 τοῦ
373 3917 414 3976 τίς
431 3911 445 3966 ὁ
460 3910 532 3978 θεὸς
547 3911 617 3968 κατὰ
634 3911 772 3968 Πλάτωνα
792 3916 820 3968 in
834 3916 964 3986 catalogo
978 3915 1111 3969 librorum
1127 3915 1296 3972 Graecorum

155 3995 318 4062 Veronensi,
338 4013 420 4063 quem
439 3994 562 4064 inspexit
581 3995 765 4064 Studemund,
784 3996 902 4050 inveniri
921 3995 1030 4050 monuit
1050 3996 1151 4061 Putes,
1170 3997 1203 4050 de
1223 3997 1295 4052 Viol.

153 4093 179 4144 p.
196 4081 237 4129 86.
270 4075 349 4140 Quod
368 4075 532 4144 opusculum
551 4074 675 4144 pluriens
695 4074 799 4128 editum
819 4075 902 4129 hodie
921 4072 1016 4128 elitare
1029 4077 1126 4128 notum
1142 4076 1190 4128 est.
1216 4076 1293 4130 Cete-

153 4158 298 4209 remonte
318 4150 365 4209 ἐπὶ
384 4151 516 4224 Κομόδον
542 4153 676 4209 excidisse
695 4154 791 4224 μέχρις
810 4154 854 4209 vel
874 4153 930 4209 tale
949 4153 1015 4222 quid
1035 4153 1124 4208 visum
1145 4157 1187 4209 est
1205 4155 1292 4209 Beru-

153 4236 257 4306 λιανιλγο
277 4233 383 4304 ἔγραψε
405 4234 468 4304 περὶ
487 4236 558 4304 ναῖς.
580 4232 685 4303 ἔγραψε
706 4252 760 4292 om.
779 4239 881 4287 sevi:

223 4324 274 4378 DV
293 4324 368 4377 Εαιλ.
389 4322 406 4376 Ι.
423 4340 455 4390 ο,
473 4324 600 4396 quoeud
620 4326 733 4379 verbum
752 4343 814 4380 enm
832 4324 918 4379 Suida
937 4325 1074 4380 consentit
1162 4329 1193 4377 15
1211 4317 1291 4391 Ἐφέ-

152 4423 210 4466 σιος
229 4422 278 4474 pro
296 4398 463 4471 Ἠπειρώτης
478 4403 609 4472 Socrates,
630 4405 699 4460 Hist.
715 4405 782 4460 eccl.
797 4406 844 4472 ΙΙΙ,
857 4413 881 4472 1,
902 4405 950 4474 qui
966 4405 1065 4460 Iuliani
1084 4405 1293 4474 praeceptorem

151 4501 169 4537 u
187 4483 321 4553 Byzantio
340 4480 488 4551 distinguit
