3036 5114
610 316 823 372 HESYCHIUS.
1225 314 1287 379 159

143 479 198 546 καὶ
222 482 356 563 Βοιοῦς,
383 481 418 545 οἱ
439 475 476 545 δὲ
496 475 659 557 Ἰοιιλίους
681 477 764 564 φασλ
787 477 841 544 καὶ
865 479 1086 564 Μετανείρας,
1110 477 1145 542 οί
1166 474 1202 542 δὲ
1216 471 1288 559 Ἑρ·

35 634 115 685 w
142 589 217 671 μοῦ.
263 587 380 671 γέγονε
411 584 448 653 δὲ
477 582 559 653 κατὰ
586 586 648 672 μέν
676 608 770 663 τινας
798 581 878 671 μετὰ
910 581 1109 670 Φημονόην,
1138 579 1222 649 κατὰ
1251 581 1288 648 δὲ

142 690 265 771 ἄλλους
292 692 347 759 καὶ
374 689 439 779 πρὸ
468 689 577 777 αὐτῆς.
623 696 745 779 ἔγραψε
774 689 812 758 δὲ
838 694 1061 777 κοσμοποιίαν
1089 693 1135 769 είς
1163 693 1223 774 ἔτη
1249 714 1288 779 ἐ,

139 795 347 888 Ἀπόλλωνος
379 794 645 887 τιαλἎρτέριιδος
675 797 793 889 γονάς,
830 803 890 883 ἔτη
924 825 973 887 ly,
1003 794 1200 883 Ἀφροδίτης
1234 795 1289 863 καί
1341 798 1368 811 ”

135 904 280 994 ’Ἑρωτος
303 902 419 992 φωνάς
440 904 496 972 καί
519 904 657 990 λόγους,
682 910 742 992 ἔτη
767 931 806 995 le,
827 902 1068 993 '‘stipsis-ipsse
1084 903 1316 995 .I‘.⁰I2.H.⁰⁶⁸l·⁵
1356 940 1405 989 ,ιρι

145 1016 270 1098 δῷνος,
294 1018 354 1098 ἔπη
379 1039 429 1103 ἀ,
453 1015 585 1097 Λητοῦς
607 1011 787 1099 πλόκαμον.

231 1138 345 1206 DGIV.
387 1142 683 1222 Παλαίφατος
714 1136 844 1224 Πάριος
875 1131 896 1222 ἢ
927 1137 1112 1223 Πριηνεύς,
1145 1133 1291 1221 γεγονὼς

71 1273 82 1293 ·
142 1243 224 1313 κατὰ
249 1242 473 1332 Ἀρταξέρξην.
520 1240 675 1333 άτίστανν
703 1249 817 1330 βιβλία
850 1243 878 1310 ε’
911 1243 1013 1333 (τινὲς
1045 1243 1090 1335 δὲ,
1113 1248 1215 1334 ταῦτα
1243 1247 1291 1323 εἰς

144 1348 418 1443 τδνίΑδηναῑον
432 1348 665 1441 ἀναφέρουσι).
707 1350 795 1438 πλὴν
817 1351 872 1419 καὶ
897 1342 994 1432 οὗτος
1018 1357 1149 1440 ἔγραψε.
1164 1405 1171 1420 .
1186 1404 1216 1419 ..

230 1478 329 1545 DCV.
370 1481 633 1562 Παλαίφατος
658 1472 842 1562 Ἀβυδηνὸς
875 1476 1047 1564 ἱστορικός.
1099 1476 1288 1563 Κυαριαιιά,
1304 1497 1330 1537 1⁰

55 1656 65 1683 9
144 1582 314 1670 Δηλιακά,
342 1581 482 1669 Ἀττικά,
507 1580 673 1671 Ἀραβικά.
688 1581 695 1673 Ι
713 1584 830 1668 γέγονε
854 1582 891 1651 δὲ
915 1584 968 1651 ἐπὶ
988 1581 1208 1667 Ἀλεξάνδρου
1230 1580 1291 1650 τοῦ

100 1684 104 1689 ’
143 1689 355 1777 Μακεδόνος,
392 1689 529 1758 παιδικὰ
565 1687 877 1777 δὲ“Ἇριστοτίλους
908 1694 969 1759 τοῦ
1002 1688 1209 1777 φιλοσόφου,
1246 1686 1291 1784 ὥς
1433 1772 1446 1783 ..

146 1803 260 1890 ‘litae
291 1799 329 1878 a
354 1801 400 1890 τό
427 1796 462 1875 ‚s'
485 1802 640 1887 ενι-νίν.
669 1800 742 1876 τοῦ..
756 1797 836 1885 no
855 1796 1048 1889 salluui
1072 1800 1219 1887 ἱστορίας
1241 1801 1291 1882 a·
1340 1779 1456 1863 1Ψ

143 1909 240 1990 βλίον
264 1903 298 1971 α’
321 1905 377 1972 καὶ
400 1902 576 1992 Θεόδωρος
599 1900 617 1970 ό
640 1900 755 1982 Ἰλιεὺς
777 1904 814 1970 ἐν
837 1902 872 1991 β’
900 1909 1066 1993 Τρωικῶν.
1086 1903 1093 1994 Ι

231 2022 347 2089 DCVI.
375 2025 638 2106 Παλαίφατος
654 2017 835 2105 Αἰγύπτιος
849 2018 855 2110 Ι
871 2015 894 2106 ἦ
913 2018 1091 2108 Ἀθηναῖος
1104 2018 1126 2109 Ι,
1142 2044 1290 2108 γράμμα·
1305 2051 1331 2090 ιο

215 2285 228 2333 1
249 2279 333 2340 Bacis
350 2280 422 2349 vulg.
437 2278 512 2333 Eud.
529 2277 663 2338 ΒοιοῦςΒ
717 2281 735 2329 4
752 2271 824 2345 Ἅφρ.
842 2277 891 2330 scol
904 2274 963 2348 Ἐρ,
978 2272 1065 2348 γονάς
1083 2275 1205 2332 tentavit
1218 2275 1287 2330 Gro-

142 2361 247 2414 novius.
280 2358 409 2414 Ceterum
433 2359 587 2414 carminum
611 2356 736 2412 tabulam
755 2355 887 2412 ficticium
910 2374 970 2412 ease
991 2359 1095 2414 docent
1112 2357 1213 2427 Bergk.
1234 2356 1288 2414 Lit.

146 2440 190 2494 Gr.
210 2441 221 2492 I
240 2458 268 2509 p.
288 2445 340 2494 405
359 2442 416 2494 not.
436 2447 503 2509 270,
521 2439 619 2505 Hiller‚
639 2439 707 2493 Ilius.
727 2436 816 2491 Rhen.
835 2436 952 2490 XXXIII
972 2456 999 2507 p.
1014 2445 1065 2493 522

214 2525 300 2581 DCIV
319 2528 394 2584 Eue.
414 2548 441 2599 p.
461 2536 526 2597 001,
552 2543 624 2596 quae
643 2525 743 2596 incipit
765 2525 813 2579 καὶ
833 2523 870 2582 ἔτ.
890 2529 961 2583 Παλ,
1000 2528 1080 2581 Hune
1105 2543 1155 2581 nec
1174 2526 1288 2581 Parium

143 2625 194 2662 nec
208 2605 385 2664 Prienensem
401 2627 461 2665 esse
475 2609 525 2665 sed
539 2608 620 2663 Pario
634 2604 810 2675 Hellesponti
825 2607 916 2661 ortum
931 2608 960 2660 et
973 2606 1041 2660 olim
1055 2607 1188 2677 scriptum
1204 2608 1290 2664 fuisse
1319 2622 1325 2635 ‘

143 2683 305 2755 Παριηνεός
328 2687 467 2757 persuasit
485 2687 646 2743 Getsclsmid
668 2685 731 2741 coll.
752 2685 848 2755 Steph.
868 2684 931 2756 Bya.
956 2705 980 2741 v.
1001 2684 1111 2755 Πάριον
1135 2703 1189 2742 sec.
1209 2689 1289 2744 cocu

143 2767 205 2835 RV,
229 2767 277 2836 qui
296 2767 382 2823 etiam
405 2769 479 2823 hune
502 2766 707 2837 Palaephatum
726 2766 878 2821 Artaxerxe
903 2765 987 2820 tertio
1010 2770 1145 2838 regnante
1169 2768 1204 2822 ad
1228 2768 1289 2822 Ari-

142 2847 271 2902 stotelem
302 2866 326 2903 a
351 2854 513 2904 347-3441
529 2846 653 2919 Atarnei
672 2848 830 2902 versantem
856 2846 965 2902 venisse
988 2865 1052 2902 cum
1076 2865 1164 2918 eoque
1188 2865 1213 2903 a.
1238 2856 1290 2904 334

144 2927 269 3000 Athenas
287 2928 417 2997 rediisse,
439 2929 512 2984 unde
531 2927 582 2983 alii
600 2944 664 2981 eum
687 2926 805 2982 fecerint
822 2927 1035 2997 Atheniensem,
1059 2927 1215 2998 suspicatus
1238 2931 1289 2984 est

142 3008 186 3061 ad
205 3007 279 3062 hune
298 3008 385 3078 igitur
403 3013 531 3079 spectare
555 3008 607 3061 sub
624 3024 650 3062 v.
671 3007 798 3076 Παλαιφ.
815 3003 903 3081 Ἅβυδ.
922 3009 1008 3064 verba
1029 3007 1128 3079 γέγονε
1147 3039 1183 3050 -
1204 3014 1290 3079 Τραι-

142 3089 200 3143 ιιῶν
260 3095 276 3143 8
297 3087 402 3159 ἔγραφε
422 3090 488 3158 περί
506 3083 631 3143 ἀπίστων
650 3084 778 3154 ίστοριάν
794 3091 818 3160 β.
834 3085 859 3142 ε’
873 3089 958 3159 Eua,
977 3106 1061 3159 quem
1080 3089 1230 3160 genuinam
1248 3091 1289 3145 iu·

143 3169 325 3239 scriptionem
349 3184 410 3224 esse
433 3168 505 3224 vidit
523 3167 702 3236 Bernhardy3
727 3186 812 3222 nuum
834 3168 918 3224 hodie
941 3169 1045 3224 librum
1069 3172 1210 3224 servatum
1229 3187 1290 3225 esse

143 3251 265 3317 constat,
285 3248 333 3303 sed
353 3248 387 3304 cf.
403 3250 549 3304 Weaterm.
569 3247 709 3317 Mythogr.
729 3266 757 3317 p.
775 3247 839 3302 XIII
912 3255 928 3304 9
948 3244 1097 3319 Ἀθηναῖον
1116 3249 1133 3304 i.
1154 3268 1177 3304 e.
1197 3267 1288 3320 gram-

143 3328 277 3384 maticum
349 3346 370 3383 a.
389 3329 435 3385 fin.
455 3327 593 3399 quaedam
616 3326 754 3384 excidisse
774 3330 866 3399 patet,
890 3329 955 3398 περὶ
976 3330 1142 3402 παραδόξου
1168 3327 1307 3400 ίατορίας’

145 3410 257 3479 supplet
275 3409 442 3480 Bernhardy
478 3404 583 3464 ἄπιστοι
601 3407 730 3478 intellegi
748 3411 831 3479 putat
850 3409 1011 3465 Gutschmid

142 3524 144 3528 .
213 3496 287 3552 Dcv
305 3499 381 3553 Εαιλ.
401 3517 428 3568 p.
443 3503 495 3552 083
552 3503 586 3551 10
605 3499 668 3566 post
687 3494 825 3566 λιτοριιιός
844 3500 939 3574 omnia
958 3515 1013 3556 om.
1027 3506 1050 3553 Δ
1106 3508 1138 3555 13
1158 3498 1183 3555 v'
1204 3519 1287 3570 σιοιχ.

144 3580 219 3634 Eud.
239 3579 303 3649 περὶ
322 3582 425 3648 παρασ.
446 3575 568 3646 ἱστορίας
587 3577 700 3632 omnino
720 3579 934 3649 expungendum
954 3581 1237 3652 censetBemlsordy,
1257 3579 1288 3637 lv

142 3661 180 3731 τῷ
199 3660 264 3728 περὶ
287 3680 354 3729 παρ.
374 3657 424 3714 loa.
443 3660 498 3729 βιβ.
517 3653 774 3728 nantoliacum
797 3655 829 3716 ἐν
852 3660 890 3734 τῷ
913 3661 964 3730 τῆς
986 3659 1132 3731 τριτεόχου
1155 3663 1206 3731 τῆς
1224 3663 1289 3731 περὶ

142 3760 207 3811 παρ.
224 3737 273 3797 icc.
290 3742 345 3812 βιβ.
360 3736 391 3794 α’
408 3740 513 3794 Μάλλιν
527 3739 566 3792 lII
579 3757 606 3808 p.
622 3743 673 3793 57³
690 3734 721 3793 ἐν
734 3740 772 3813 τῷ
788 3735 814 3794 e'
834 3743 1022 3810 στοιχειωτοῦ,
1041 3735 1111 3811 ὅπερ
1127 3737 1186 3798 ἐστὶ
1199 3762 1288 3812 παρα·

142 3818 229 3887 δόξου
253 3819 375 3891 ίοτορίας
399 3820 506 3893 βιβλίον
531 3818 642 3887 πρῶτον
661 3818 834 3890 θυλιαλυιίιλς
859 3820 901 3875 nil
924 3822 1089 3878 mutandum
1112 3840 1172 3879 esse
1195 3828 1289 3879 censet

142 3902 250 3970 Rolcdc,
264 3903 335 3957 Mus.
351 3901 438 3955 Rhen.
453 3899 570 3955 XXXIV
583 3919 611 3970 p.
626 3907 676 3956 561
693 3902 752 3956 not.
766 3908 792 3965 2,
810 3919 873 3956 cum
887 3901 1014 3957 Philonis
1028 3923 1093 3971 παρ.
1110 3900 1217 3973 ίστορία
1232 3906 1290 3958 tres

143 3981 229 4038 libros
248 3981 436 4051 complectens
455 3979 484 4034 in
498 3980 586 4050 ipsius
601 3980 728 4037 Philonis
746 3981 806 4037 vita
823 3981 962 4049 landetur,
983 3984 1015 4036 ut
1033 3983 1068 4036 de
1086 3986 1211 4040 amatore
1225 3984 1289 4039 Ari-

143 4062 244 4116 stotele
263 4062 355 4132 primo
373 4060 445 4115 libro
464 4060 576 4118 sublit.
596 4061 619 4115 Ε
638 4061 728 4131 (velut
751 4055 899 4130 ἐρώμενοι)
922 4061 1096 4131 disputatum
1115 4062 1159 4119 sit.
1198 4063 1289 4119 Minue

143 4143 224 4195 cante
243 4142 332 4195 totam
350 4140 437 4195 vitam
458 4156 491 4193 ex
508 4139 665 4194 Ptolemaei
683 4141 774 4211 Heph.
794 4139 917 4196 historiis
937 4141 1048 4199 fluxisse
1068 4145 1223 4200 hariolatus
1247 4146 1289 4199 est

142 4220 273 4287 Hercher‚
292 4220 392 4275 Annal.
412 4220 535 4290 Suppli
553 4239 580 4290 p.
597 4226 649 4276 186
711 4228 745 4275 14
763 4221 818 4276 τόν
840 4222 974 4292 Τρωικῶν
992 4223 1067 4279 Ειιά.
1087 4226 1122 4280 de
1141 4224 1287 4279 Theodoro

141 4298 176 4354 cf.
196 4299 299 4355 Molles
317 4300 355 4354 IV
373 4318 401 4369 p.
416 4305 467 4354 513

212 4386 300 4444 DOVI
320 4388 395 4443 Eud.
414 4405 441 4457 p.
458 4393 510 4442 000
524 4389 694 4458 Aegyptium
714 4391 797 4447 fuisse
811 4393 953 4448 auctorem
970 4394 1122 4461 θεολογίας
1136 4390 1286 4462 Αἰγυπτια-

142 4469 193 4537 κῆς
212 4472 241 4523 et
258 4468 312 4523 hoe
330 4469 393 4536 ipso
412 4485 496 4538 opere
515 4485 595 4522 usum
615 4486 675 4524 esse
694 4471 827 4527 Malalam
846 4472 891 4541 (cf.
910 4491 936 4542 p.
957 4478 992 4526 24
1011 4475 1041 4526 et
1059 4478 1110 4527 209
1131 4473 1173 4526 ed.
1189 4472 1286 4544 Bonn.)
