3036 5114
608 322 820 381 Hxsxcfflnn
1240 323 1283 388 63

140 490 341 577 δρομένους,
366 491 401 557 ολ
422 490 460 557 δὲ
480 477 744 576 Ἀριστομένους,
771 489 806 554 οί
827 485 864 554 δὲ
878 484 1076 573 Σκάμωυος,
1100 474 1141 553 οῦ
1155 481 1286 573 ὁμεόνυ-

138 623 203 681 μον
227 601 322 683 ἔσχεν
347 596 433 663 νίόν.
480 596 626 682 διέτριψε
650 593 687 661 δὲ
705 588 899 674 Ἐλλάνικος
917 591 982 661 σὺν
1001 590 1174 685 Ἡροδότῳ
1197 591 1285 681 παρά

33 719 89 753 nn
135 702 342 794 Ἀλεξάνδρῳ
369 707 414 794 τῳ
442 700 653 770 Μακεδόνων
682 706 814 787 βασιλεῖ
840 699 921 769 κατά
952 700 1030 781 τοὺς
1052 699 1197 788 χρόνους
1221 696 1286 768 Eri-
1358 788 1362 795 .

143 813 281 897 ριπίδου
303 811 359 878 καὶ
382 813 615 898 Σοφοκλέους,
638 811 693 878 καλ
712 807 874 901 Ἑκαταίῳ
897 814 942 901 τῷ
968 814 1125 899 Μιλησίῳ
1149 809 1287 894 ἐπέβαλε
1345 803 1353 816 '

141 919 293 1003 γεγονότι
321 916 404 986 κατά
430 916 470 986 τά
494 916 643 1006 Περσικά
670 917 725 984 καὶ
755 921 859 1008 μικρῳ
883 917 1043 1005 πρόσθεν.
1089 917 1226 996 ἐξέτεινε
1250 914 1313 983 eir

139 1024 194 1092 καὶ
227 1025 322 1113 μέχρι
348 1029 418 1093 τῶν
445 1021 624 1112 Ἀρχελάου
651 1023 800 1113 χρόνων,
826 1025 881 1091 καὶ
911 1024 1120 1111 ἐτελεύτησεν
1135 1026 1172 1091 ἐν
1202 1030 1287 1111 Περ-

141 1137 260 1220 περίυη
283 1136 323 1221 τῇ
337 1131 537 1220 καταντικρὺ
557 1133 698 1218 Λέσβου.
726 1131 958 1218 συνεγράψατο
979 1131 1015 1200 δέ
1034 1139 1169 1199 πλεῖστα
1187 1134 1288 1211 πεζάς
1311 1204 1317 1245 ι

142 1265 176 1306 τε
199 1240 462 1336 reverens

231 1364 382 1432 CCXIV.
416 1361 681 1451 Ἐμπεδοκλῆς
705 1365 881 1450 Μέτωνος,
906 1367 941 1433 οἱ
962 1364 999 1433 δὲ
1020 1361 1230 1453 Ἀρχινόμου,
1255 1366 1290 1432 οί

144 1470 181 1542 δὲ
199 1474 360 1557 Ξενέτου,
383 1469 640 1558 Ἀκραγαντῖνος
664 1470 745 1557 [nih
769 1472 956 1559 φιλόσοφος
979 1472 1120 1559 φυσικὸς
1138 1473 1193 1540 καὶ
1213 1475 1285 1540 ἐπο-
1302 1494 1327 1532 1⁰

144 1578 249 1657 ποιός.
301 1579 357 1646 καὶ
395 1577 544 1665 ἀδελφὸν
582 1583 655 1665 ἔσχε
692 1583 971 1667 Καλλικρατίδην.
1027 1577 1213 1667 ἠκροάσατο
1253 1577 1290 1646 δὲ

55 1676 109 1709 '¹⁶⁴‘
146 1683 280 1771 πρώτον
302 1688 534 1774 Παρμενίδου,
558 1675 599 1752 οῦ
622 1711 724 1771 τινος,
748 1683 792 1767 ὥς
815 1707 897 1773 φησι
916 1685 1115 1774 Πορφύριος
1137 1687 1174 1753 έν
1193 1693 1288 1773 φιλο-

144 1791 238 1883 σόφῳ
263 1795 409 1884 ίστορίῳ,
431 1794 559 1880 ἐγένετο
579 1793 724 1861 παιδικά.
767 1796 802 1861 οί
824 1792 860 1861 δὲ
881 1799 1032 1881 ἔφρασαν
1050 1791 1207 1882 μαθητὴν
1230 1800 1290 1880 Τη·
1383 1818 1389 1825 ·

143 1898 290 1986 λαόγους
321 1905 382 1968 τοῦ
415 1900 626 1989 Πυθαγόρου
659 1904 737 1969 υέοῦ
769 1898 829 1992 τόν
869 1898 1090 1988 Ἐμπεδοκλέα
1122 1903 1290 1986 γενέσθαι.

146 1998 259 2092 [οὗτος
282 2005 539 2095 ὁἘμπεδοκλῆς
565 2008 691 2096 στέμμα
721 2012 805 2095 ἔχων
829 2007 882 2075 ἐπὶ
904 2013 963 2095 τῆς
984 2011 1128 2095 κεφαλῆς
1142 2011 1290 2096 χρυσοῦν
1307 2029 1331 2069 1⁶

145 2116 201 2183 καὶ
223 2115 376 2202 νίμῦκλας
399 2116 436 2184 ἐν
462 2128 533 2195 τοῖς
555 2115 633 2182 ποσὶ
657 2118 778 2201 χαλκᾶς
808 2116 863 2182 καὶ
887 2117 1054 2203 στέμματα
1078 2114 1230 2203 Δελφικὰ
1253 2117 1290 2183 ἐν

142 2236 214 2303 ταῖς
243 2224 356 2311 χερσὶν
390 2221 481 2312 ἐπῄει
507 2221 566 2302 τάς
593 2221 721 2307 πόλεις,
754 2221 857 2303 δόξαν
889 2223 963 2309 περὶ
987 2219 1091 2291 αὑτοῦ
1114 2238 1290 2310 κατασχεῖν

144 2326 189 2409 ῦς
211 2330 285 2417 περὶ
311 2333 396 2398 θεοῦ
420 2329 636 2416 βουλόμενος.
681 2330 749 2397 ἐπεὶ
774 2329 809 2397 δέ
833 2327 971 2417 γηραιὸς
995 2331 1136 2416 ἐγένετο,
1159 2329 1289 2413 νύκτωρ

144 2442 281 2524 ἔρριψεν
309 2434 431 2504 ἑαυτὸν
454 2440 502 2516 είς
523 2439 670 2523 κρατῆρα
694 2435 816 2524 πυρός,
845 2434 929 2505 ὥστε
952 2436 997 2524 μὴ
1021 2441 1169 2525 φανῆναι
1184 2429 1290 2505 αὐτοῦ

142 2539 180 2611 τό
205 2546 307 2630 σῶμα.
352 2545 407 2611 καὶ
431 2541 537 2623 οὕτως
559 2542 725 2633 άπιόλετο,
747 2547 809 2612 τοῦ
833 2549 1018 2613 σανδαλίου
1040 2542 1145 2612 αὐτοῦ
1169 2546 1285 2630 έκβρα-
1301 2570 1326 2608 ιο

143 2651 284 2731 σθέντος
303 2647 367 2718 ῦπό
392 2653 453 2719 τοῦ
476 2650 590 2738 πυρός.
636 2649 801 2738 ἐπεκλήθη
826 2650 863 2719 δὲ
886 2652 941 2719 καὶ
960 2653 1210 2744 Πωλυσανέμας
1234 2650 1289 2719 διὰ
1329 2676 1348 2709 ·.
1385 2679 1395 2699 ·-

142 2755 180 2825 τὸ
204 2754 330 2845 ἀνέμου
352 2760 481 2826 πολλοῦ
505 2759 708 2843 ἐπιθεμένου
729 2762 768 2847 τῇ
786 2755 982 2846 Ἀκράγαντι
1006 2757 1155 2839 ἐξελάσαι
1173 2754 1289 2844 αὐτόν,

145 2863 248 2952 δοράς
271 2864 361 2933 ὄνων
385 2866 566 2952 περιθέντα
589 2868 628 2954 τῇ
648 2864 765 2950 πόλει]
803 2867 920 2953 γέγονε
940 2864 977 2933 δὲ
994 2864 1118 2933 τοῦτον
1136 2864 1288 2953 μαθητὴς

143 2976 287 3061 Ποργίας
314 2969 332 3041 ό
361 2970 471 3059 ῥήτωρ
501 2967 519 3039 ό
544 2977 733 3051 Λεοντῖνος.
778 2973 833 3040 καὶ
864 2976 987 3060 ἔγραφε
1016 2970 1060 3040 δι’
1092 2974 1181 3040 ἐπῶν
1210 2973 1284 3060 περὶ

217 3274 230 3322 1
251 3266 281 3323 οῖ
296 3265 328 3323 δὲ
349 3299 381 3309 -
401 3263 465 3322 οἷὸν
484 3266 532 3320 καὶ
546 3262 687 3321 Ἑκαταίῳ
700 3264 852 3339 -Λέσβου
876 3285 930 3325 om.
950 3268 1026 3323 Eud.
1063 3269 1103 3325 cf.
1124 3288 1148 3326 v.
1169 3266 1290 3324 Σάνδων

145 3354 161 3401 3
178 3343 345 3419 Ἀλεξάνδρῳ
364 3364 414 3418 pro
436 3344 553 3422 Ἀμόντῳ
575 3346 650 3402 infra
669 3324 814 3416 inernion
837 3365 888 3419 pro
911 3350 1072 3416 Περδίκκου
1096 3351 1289 3419 corrigendum

145 3444 206 3483 εεεε
224 3430 333 3484 monuit
353 3428 515 3483 Gntsehmid
534 3423 691 3498 (Ἀρχελάου
707 3427 797 3483 euasit
814 3428 899 3483 etiam
920 3430 1056 3497 Ολίκίοκ),
1076 3433 1221 3502 Περδίκκᾳ
1240 3447 1290 3500 pro

142 3503 258 3582 Ἀμόντηι
279 3509 404 3576 Ολέκλοκ,
423 3509 484 3563 fest.
503 3526 530 3577 p.
550 3514 602 3563 383
621 3508 667 3562 Kr.
745 3507 921 3581 λλόκαταίῳ
940 3513 963 3560 Δ
1035 3503 1087 3578 δῆ
1107 3509 1155 3564 καλ
1174 3511 1259 3564 Daub

144 3586 216 3658 πρὸς
228 3588 302 3656 libri,
316 3585 370 3658 πρό
386 3605 449 3643 cum
463 3587 546 3644 Porto
561 3590 711 3657 Κκελετιιε,
726 3585 863 3658 πρότερον
878 3591 1030 3658 Ιὶοδναεαε,
1044 3586 1172 3657 πρόσθεν
1186 3589 1290 3656 Πολιέα,

145 3669 215 3723 Mun.
227 3669 313 3724 Rhen.
324 3669 440 3723 XXXIII
451 3687 477 3738 p.
491 3674 541 3723 1⁶5
557 3666 944 3741 αο]1.θαίδ.ν,Πλοόταρχος,
959 3670 1032 3738 qnod
1046 3670 1140 3739 recepi
1186 3677 1201 3724 6
1217 3672 1290 3738 Προ-

145 3750 226 3804 δίκου
245 3749 349 3804 Suedas
368 3768 394 3804 v.
409 3745 560 3820 ἐπέβαλεν,
579 3748 627 3802 nbi
642 3766 676 3803 ex
690 3749 777 3804 Parin.
791 3765 861 3805 corr.
876 3750 1013 3805 Κιιελιιαε
1032 3747 1202 3819 Περπερήνη
1215 3752 1288 3820 vulp.

146 3830 306 3901 Περπερίνη
325 3834 375 3882 AV
448 3833 464 3883 8
483 3830 635 3897 ποιητικῶς
653 3830 745 3884 Paris.
761 3829 889 3898 Καελινλ,
910 3826 1012 3892 ἐπικῶς
1030 3832 1101 3900 tuly.
1117 3832 1202 3898 End„
1221 3848 1288 3886 neu-

145 3911 219 3964 trum
239 3913 315 3966 reete
334 3928 364 3965 εε
384 3910 487 3965 habere
506 3909 617 3980 putavit
634 3910 813 3980 Bernhardy3
837 3912 885 3964 ned
910 3911 1060 3980 ποιητικῶς
1080 3912 1116 3965 ad
1135 3912 1289 3981 pleniorem

146 3990 271 4045 tabulam
300 3993 439 4061 spectare,
467 4007 522 4059 qne
550 3990 739 4045 contineretur
771 3990 857 4045 etiem
885 3992 1029 4060 catalogus
1056 3991 1289 4048 Carneonicornm

145 4086 228 4125 verru
245 4069 361 4126 heroico
380 4071 562 4140 compositus,
581 4073 722 4141 perspexit
742 4070 902 4126 Gutedrmid

216 4169 336 4226 ccxxv
354 4186 408 4225 om.
427 4174 458 4226 ε.
495 4169 536 4223 οε
554 4168 608 4224 ιιι
631 4170 690 4224 ωε
713 4169 759 4239 egi
781 4171 852 4225 nus.
872 4170 960 4226 rnen.
979 4169 1083 4224 xxxv
1104 4189 1131 4241 p.
1151 4177 1217 4241 τοι,
1240 4169 1289 4226 ner

146 4252 232 4306 verbe
250 4243 332 4314 οὗτος
352 4281 384 4291 -
404 4247 486 4305 πόλει
504 4266 521 4304 ε
542 4248 629 4303 Suida
648 4248 845 4324 ethorphyrii
863 4251 980 4321 historin
997 4249 1109 4306 adiecta
1127 4269 1188 4307 ειεε
1207 4252 1290 4306 donni

146 4337 181 4402 ‚¹⁰
200 4331 325 4390 Ξεκέτου
343 4330 422 4398 libri,
439 4326 600 4397 Ἐξαινέτου
619 4348 654 4385 ex
676 4330 757 4403 Diog.
777 4332 855 4401 VIII,
874 4338 907 4386 53
927 4349 980 4386 ree.
1000 4332 1115 4399 Bere-nm
1135 4332 1178 4384 hin
1197 4331 1289 4386 verbis

146 4411 261 4468 adiunxi
277 4408 418 4483 Ἀκραγαν.
439 4443 470 4452 -
492 4406 639 4482 ἐποποιός,
658 4429 730 4482 qnae
749 4411 778 4466 in
797 4411 877 4466 libris
895 4412 960 4483 post
977 4411 1114 4481 γενέσθαι
1133 4412 1264 4481 leguntur

149 4497 182 4548 12
200 4488 232 4549 ἐν
251 4496 343 4564 φιλοσ.
362 4489 446 4564 ίατορ.
466 4508 500 4548 ex
518 4510 574 4548 nno
592 4494 654 4550 Par.
673 4493 736 4549 add.
755 4493 893 4548 Καειιικε
967 4499 999 4547 ιο
1019 4488 1195 4547 ἐποποιίαν
