3036 5114
177 311 219 377 58
638 323 849 380 HESYCHIUS.

176 481 324 565 ἱστορίας
342 482 478 564 τοπικὰς
497 486 533 554 ἐν
554 490 698 571 βιβλίοις
718 486 979 579 ς’,Ιοίκουμίνης
996 489 1205 578 περιήγησιν,
1231 494 1321 561 ίστο·

177 591 251 673 ρίας
272 593 621 679 παιδευτικηςβιβλία
645 592 698 686 ιἸ.

266 697 437 767 CCXXIII.
476 701 733 783 Διονύσιος
757 701 1018 793 Ἀλεξανδρείας,
1045 697 1086 774 οὗ
1113 698 1216 799 εὗρον
1238 704 1322 775 ὑπό·

42 812 91 863 υλ-
175 829 289 890 μνημα
312 809 360 884 είς
382 805 442 875 τὸν
467 808 704 898 ἐκκλησιαστὴν
728 815 951 898 Σολομῶντος
974 817 1051 880 λίαν
1074 810 1249 899 εὐφραδές.

149 925 162 964 ⁶
265 913 438 983 CCXXIV.
484 923 756 1007 Διοσκορίδης
786 917 1002 1006 Ἀναζαρβεὺς
1035 917 1163 1006 ίατρός,
1201 917 1219 987 ὁ
1252 921 1321 989 ἑπι-

173 1021 309 1106 κληθεὶς
340 1028 453 1114 Φακᾶς
481 1023 537 1092 διὰ
565 1022 642 1106 τούς
670 1025 723 1093 ἐπὶ
750 1030 808 1113 τῆς
832 1025 940 1107 ὄψεως
963 1025 1099 1113 φακούς.
1146 1031 1256 1114 συνῆν
1282 1026 1321 1096 δὲ

175 1128 372 1219 Κλεοπάτρᾳ
396 1131 447 1198 ἐπὶ
464 1129 656 1217 Ἀντωνίου,
679 1134 733 1202 καὶ
752 1136 933 1220 γέγραπται
953 1131 1041 1227 αὐτῷ
1060 1139 1173 1221 βιβλία
1192 1134 1259 1221 κδ’,
1278 1133 1319 1203 τὰ

173 1231 281 1302 πάντα
305 1236 434 1323 ἰατρικὰ
459 1239 647 1326 περιβόητα.

264 1344 420 1415 CCXXV.
458 1348 700 1436 Διοσκόριος
720 1356 876 1435 Μυραῑος
899 1348 1133 1436 γραμματικός,
1158 1347 1321 1439 [ὕπαρχος

135 1462 159 1502 1⁰
175 1449 301 1530 πόλεως
329 1452 383 1519 καλ
411 1460 639 1542 πραιτωρίων,
670 1453 687 1523 ὁ
720 1455 856 1537 διδάξας
884 1454 940 1535 τὰς
962 1459 1150 1543 θυγατέρας
1173 1457 1320 1539 Δίοντος

171 1560 233 1623 τοῦ
255 1561 417 1644 βασιλέως
440 1562 477 1628 ἐν
501 1568 696 1653 Βυζαντίῳ].

262 1673 435 1743 CCXXVI.
482 1682 591 1746 Δίων
619 1676 816 1767 Ἱππαρίνου
848 1680 1097 1767 Συρακούσιος,
1129 1682 1319 1768 φιλόσοφος

172 1782 399 1867 Πλατωνικός,
422 1789 482 1853 τοῦ
502 1791 657 1862 Σικελίας
675 1787 846 1875 τυράννου
866 1794 1055 1857 Διονυσίου
1073 1793 1134 1857 τοῦ
1152 1790 1319 1875 προτέρου
1333 1806 1389 1849 un·

170 1893 229 1976 τῆς
251 1894 393 1978 γαμετῆς
409 1890 644 1981 Ἀριστομάχης
667 1892 824 1981 ἀδελφός,
848 1891 885 1975 ὃς
900 1895 955 1961 καὶ
971 1894 1127 1983 ἐκράτησε
1146 1900 1204 1983 της
1222 1905 1318 1965 Σικε-

131 2003 242 2076 15λίας
264 2002 476 2084 τυραννίδος,
499 1999 649 2086 ἐκβαλὼν
671 2000 731 2069 τὸν
754 2007 815 2070 τοῦ
838 2003 1002 2088 προτέρου
1024 2009 1212 2072 Διονυσίου
1239 2003 1317 2072 υλὸν

171 2104 374 2192 Διονύσιον,
405 2099 447 2175 οὗ
473 2108 575 2196 πάλιν
603 2107 750 2194 ἀδελφὸς
773 2116 916 2188 Νισαϊος
944 2111 1075 2195 ἐξέβαλε
1100 2116 1217 2178 Δίωνα
1239 2114 1316 2178 τοῦ·

168 2240 238 2283 τον.
284 2219 428 2301 ἔγραψεν
452 2215 626 2295 ἐπιστολὰς
648 2215 732 2299 πρὸς
755 2215 920 2282 Πλάτωνα
944 2216 998 2284 καὶ
1022 2215 1124 2298 ἄλλοις
1146 2216 1249 2299 τινας.

1333 1094 1385 1127 [ult

242 2418 255 2466 1
274 2410 419 2482 γέγραφεν
437 2409 562 2482 ίστορίαν
581 2414 657 2467 Eud.
676 2408 795 2474 τοπικὰς
817 2416 936 2482 suspect.
953 2413 1148 2485 Bernhardyo,
1167 2415 1215 2484 qui
1234 2415 1316 2485 flagi·

168 2492 242 2547 tavit
264 2490 449 2562 ουμιιοτικιὶς,
468 2491 586 2556 τοπικὰς
603 2496 699 2548 tuetur
715 2495 812 2559 Ηαιιδς
831 2494 906 2549 idem
926 2495 1089 2564 opusculum
1109 2512 1168 2549 esse
1187 2513 1249 2549 cum
1270 2513 1315 2565 co,

169 2572 243 2642 quod
262 2572 356 2642 Steph.
372 2573 436 2643 Bys.
457 2577 492 2641 (v.
515 2569 633 2642 Ταρσὸς)
654 2571 803 2636 Διονύσιος
826 2571 841 2628 ὁ
863 2574 940 2642 Θρᾶξ
965 2571 996 2629 ἐν
1019 2575 1056 2648 τῷ
1078 2575 1142 2643 περὶ
1160 2571 1247 2647 Ῥόδῳ
1272 2575 1315 2630 di-

167 2652 251 2721 xerit,
271 2655 367 2707 monci
382 2654 541 2707 Gctschmid
560 2651 678 2719 ίοιοριάι
697 2657 881 2709 παιδευτικαί
891 2673 947 2709 non
962 2655 1084 2710 diversas
1099 2672 1161 2709 esse
1175 2671 1193 2708 a
1211 2651 1315 2717 κύκλος

168 2728 307 2801 ίστορικός
326 2736 362 2801 (v.
382 2753 407 2788 n.
427 2737 490 2800 221)
509 2733 557 2802 qui
577 2732 670 2787 Samio
690 2733 808 2802 dandus,
827 2735 899 2790 vidit
919 2737 1051 2801 Wclclcer,
1070 2734 1120 2805 Ep.
1141 2735 1217 2804 cycl.
1236 2755 1263 2805 p.
1281 2743 1315 2791 ‘15

169 2820 181 2867 1
204 2814 298 2885 βιβλία
318 2812 346 2879 ἕξ
365 2817 436 2883 vulp
452 2814 527 2868 Eud.
548 2813 645 2882 scripsi
665 2830 726 2866 cum
741 2819 791 2867 Η
846 2822 861 2868 2
882 2813 990 2883 ολκονμ.
1010 2833 1119 2882 κεριηγ.
1139 2814 1175 2868 αδ
1193 2814 1315 2868 Alexan·

168 2894 292 2960 (irinum,
314 2893 412 2948 Glauci
431 2895 532 2960 filium,
551 2895 676 2961 spectare
696 2893 768 2948 vidit
784 2895 896 2950 Μᾶλλον.
921 2895 1080 2948 Gutschmid
1098 2893 1167 2948 duos
1186 2899 1316 2949 auctores

166 2975 344 3043 perturbatos
363 2992 422 3028 esse
441 2976 547 3038 monet,
567 2990 636 3042 quos
656 2972 695 3026 sic
715 2973 928 3043 distinguendos
946 2975 1041 3042 puisi:
1067 2967 1216 3034 Διονύσιος
1235 2977 1314 3028 Μον-

167 3057 269 3108 σωνίου
291 3051 418 3121 ΙῬόδιος
440 3049 457 3124 ἢ
485 3059 488 3119 I
512 3050 631 3123 Σάμιος,
655 3050 800 3121 ίοτορικίς.
827 3057 830 3118 Ι
856 3045 891 3121 ἦν
915 3050 946 3106 δὲ
972 3053 1020 3106 καλ
1039 3048 1132 3120 ίερεδς
1150 3053 1200 3105 τοῦ
1220 3048 1314 3108 ἐκεῖσε

167 3131 244 3199 ἱεροῦ
263 3135 312 3187 τοῦ
334 3131 435 3189 Ἡλίου.
474 3129 616 3201 [στορικάς
638 3130 755 3196 τοπικίις
779 3131 809 3189 ἐν
834 3135 949 3204 βιβλίοις
968 3131 1006 3198 ἓξ.
1027 3136 1032 3200 Ι
1053 3130 1175 3201 ίστορίας
1193 3134 1314 3188 παιδευ-

169 3213 248 3282 τικῆς
266 3215 359 3285 βιβλία
379 3211 396 3267 ι’
636 3227 640 3235 ’

239 3293 374 3349 CCXXIII
390 3312 444 3350 om.
461 3296 597 3349 ii'esierm.
616 3293 658 3349 Dc
671 3295 723 3348 hac
738 3294 871 3363 Hesychii
887 3294 947 3349 vita
958 3292 1015 3346 dixi
1028 3292 1098 3348 Mus.
1111 3293 1199 3347 Rhen.
1210 3293 1315 3349 XXXV

167 3393 194 3444 p.
212 3380 269 3429 194.
291 3373 653 3443 cf.1)aub‚stud.p.130.
682 3374 723 3428 De
738 3373 945 3428 commentariis
964 3373 1023 3426 eius
1042 3374 1200 3427 accuratius
1219 3374 1314 3445 dispu-

166 3455 239 3509 tavit
253 3455 436 3526 Hicronymus
451 3472 473 3508 c.
490 3462 536 3509 σοι
556 3454 611 3521 „ad
628 3453 776 3507 Basilidem
793 3471 901 3522 quoque
917 3454 1022 3507 mulius
1036 3452 1185 3521 epistulas,
1200 3453 1229 3507 in
1244 3473 1314 3523 qua·

167 3552 226 3587 rum
242 3552 297 3589 una
312 3553 342 3590 se
357 3535 456 3605 asserii
469 3535 553 3590 etiam
569 3535 598 3588 in
608 3532 794 3587 Ecclesiasten
811 3534 934 3602 coepisse
948 3534 1068 3588 scribere
1079 3536 1312 3589 commentarios*

167 3619 183 3667 3
203 3607 285 3675 οὗτος
298 3619 321 3666 Δ
341 3611 370 3679 ἐξ
387 3610 433 3668 ’As
453 3616 524 3682 υιιλμ.
547 3611 575 3679 ἐξ
591 3631 644 3668 οιη.
659 3618 708 3665 ΔΕ
780 3618 797 3665 4
816 3613 986 3678 Σολομῶντιι
1000 3614 1071 3680 νει-λγ.
1092 3614 1275 3680 Σολομῶντος
1289 3620 1313 3668 Δ

232 3691 371 3746 -CCXXIV
392 3693 466 3747 Eud.
486 3710 512 3760 p.
532 3699 592 3747 224.
632 3686 1085 3763 01.8αρ1.Βγι.ι.Ἀνάζαρρα
1159 3698 1174 3746 ὅ
1199 3696 1313 3764 βοτανι-

166 3767 216 3832 κὸς
231 3770 294 3825 add.
310 3772 394 3835 Eud„
412 3787 466 3838 quo
482 3771 516 3824 de
532 3772 725 3824 additamento
741 3785 795 3822 non
810 3772 885 3821 recte
900 3768 1057 3839 disputavit
1068 3769 1154 3825 Πανί)
1209 3779 1224 3826 6
1240 3771 1312 3828 duos

168 3850 266 3911 Φακᾶς
281 3850 394 3904 Suidam
415 3850 470 3915 (vel
489 3851 581 3918 potius
599 3851 779 3919 Hesychium)
794 3848 962 3903 confundere
976 3849 1114 3904 Κιιειττιιο
1132 3851 1235 3919 aliique
1250 3870 1312 3907 mo-

165 3932 286 3984 nuerunt
304 3925 351 3982 διὰ
372 3925 402 3982 τὸ
424 3926 470 3982 ἐπὶ
489 3929 537 3996 τῆς
556 3923 604 3992 ὂψ.
625 3926 699 3996 ἔχειν
718 3924 836 3988 πολλοὺς
855 3948 922 3996 φακ,
942 3928 1017 3983 Eud.
1075 3936 1090 3982 6
1109 3927 1141 3983 δὲ
1162 3948 1216 3984 om.
1232 3932 1311 3988 Eud.

167 4016 181 4065 ’λ
201 4008 249 4062 καλ
264 4025 319 4075 seq.
336 4013 426 4062 om]
497 4006 623 4077 γέγραφε
643 4008 717 4061 Eud.

237 4087 332 4145 CCXV
356 4106 409 4143 om.
431 4088 568 4142 ii'esterm.
605 4089 732 4142 Fortasse
754 4089 817 4141 tois
841 4087 934 4155 glossa
959 4088 1143 4157 expungenda
1165 4091 1220 4156 est,
1247 4110 1310 4148 cum

167 4172 261 4226 manet
279 4186 312 4224 ex
330 4167 367 4237 gl.
388 4163 531 4233 Θυάτειρα
551 4168 610 4235 (ubi
628 4168 731 4221 lemma
749 4167 906 4235 θυγατέρες
924 4166 1044 4228 Λέοντος
1064 4169 1199 4224 excidisse
1219 4174 1310 4242 suspi-

167 4270 226 4317 cor;
251 4250 284 4305 cf.
304 4248 389 4303 etiam
409 4265 434 4300 v.
455 4245 597 4308 Νικόλαος
614 4245 746 4315 Μύρων),
770 4250 844 4302 certe
864 4248 949 4301 verba
971 4240 1149 4315 ὕπαρχος-
1169 4250 1234 4305 exit.
1268 4252 1310 4308 cf.

167 4333 237 4387 Mus.
258 4330 346 4384 Rhcn.
366 4326 468 4380 XXXV
487 4344 512 4395 p.
533 4331 584 4379 209

239 4407 372 4465 CCXXIII
390 4406 465 4460 Emi.
486 4424 511 4474 p.
532 4410 583 4458 237
659 4413 690 4459 13
710 4407 760 4459 τοῦ
779 4407 910 4468 Σικελίας
930 4437 962 4446 -
982 4407 1083 4460 τοῦτον
1103 4425 1157 4462 cm.
1177 4409 1252 4466 Eud.

170 4500 201 4552 16
221 4483 307 4548 οὖνν
363 4494 393 4545 17
413 4482 498 4550 ἄλλας
516 4480 595 4548 τινάς
613 4500 682 4540 corr.
698 4486 918 4540 Πακοιιιλιιοίαε
936 4480 1036 4551 ἄλλους
1054 4483 1133 4553 τινάς
1148 4490 1227 4557 libri,
1245 4498 1311 4564 posi
