3036 5114
574 355 856 413 PROLEGOMENA.
1211 351 1288 407 XVll

146 523 287 589 stianum
317 524 472 605 colorem,
503 544 598 607 quem
631 520 828 606 Hesychium
861 519 1012 585 dedecere
1045 518 1194 601 opinatus
1231 523 1290 597 est,

145 629 274 695 fortiter
307 629 448 694 affirmat
480 628 640 695 Mettauer
669 629 690 693 l.
719 650 744 692 0.
794 620 841 690 ht
877 628 1023 711 quamvis
1061 630 1289 710 argumentum

145 737 277 802 Maassii
296 738 359 802 vile
379 759 449 802 esse
468 741 615 823 apertum
637 736 694 819 sit,
713 736 866 821 quoniam
887 739 1017 800 auctore
1034 732 1290 799 Wilamowitzio

145 846 183 909 de
206 844 373 930 Hesychio
400 866 528 931 pagano
552 846 702 928 somniat,
725 848 835 908 tamen
860 864 969 906 verum
992 863 1065 906 eum
1085 841 1203 906 vidisse
1223 841 1288 926 opi·

145 975 218 1036 nor,
242 975 437 1038 quamquam
461 953 589 1018 initium
615 951 741 1017 articuli
768 952 788 1015 i.
804 950 943 1015 everha
962 952 1038 1034 Σιβ.
1058 987 1097 995 -
1119 945 1289 1033 Σαμβήθη

145 1083 183 1124 ex
214 1060 377 1145 Hesychio
406 1059 535 1124 fluxisse
563 1060 730 1143 reprobari
757 1058 870 1142 nequit
894 1055 946 1141 (of.
975 1080 1057 1142 quae
1085 1055 1152 1121 dixi
1175 1056 1289 1121 Annal.

146 1166 223 1250 phil.
251 1168 335 1233 1880
353 1189 385 1250 p.
402 1167 463 1230 107
488 1161 579 1251 not).
617 1165 791 1250 Nunquam
816 1165 901 1229 enim
924 1186 997 1228 cum
1020 1164 1060 1228 ad
1080 1164 1212 1229 verbum
1232 1185 1290 1227 sua

145 1273 347 1358 Hesychium
377 1272 584 1357 descripsisse
608 1266 808 1356 compertum
832 1271 1025 1354 habeamus,
1052 1272 1085 1336 in
1108 1271 1168 1336 hac
1196 1270 1291 1336 Chal·

145 1379 243 1444 daeae
262 1380 331 1444 vita
351 1379 384 1443 id
402 1379 547 1445 facturus
567 1379 692 1463 fuisset,
712 1378 739 1442 si
759 1376 901 1443 Suidana
918 1379 987 1443 vita
1006 1401 1079 1442 vere
1098 1379 1139 1443 ab
1159 1400 1196 1443 eo
1216 1400 1290 1463 pro-

144 1486 229 1553 fecta
255 1484 325 1552 0010
353 1486 497 1572 putanda
528 1490 585 1550 est.
637 1486 751 1571 Itaque
780 1485 911 1551 Suidam
937 1486 998 1552 hoc
1025 1486 1098 1551 loco
1126 1485 1291 1569 Hesychii,

146 1595 201 1678 qui
231 1595 393 1677 exstabat,
423 1594 461 1658 de
486 1592 650 1659 Chaldaea
678 1594 849 1659 articulum
879 1595 1051 1659 arctiorem
1082 1597 1289 1678 aspernatum

145 1700 274 1765 aliunde
289 1701 433 1765 auctiora
453 1700 694 1785 deprompsisse
713 1722 838 1784 censeo,
857 1701 889 1765 id
909 1700 993 1785 quod
1009 1701 1201 1785 saepissima
1216 1724 1290 1765 eum

144 1807 264 1871 fecisse
289 1811 425 1872 constat.

233 1913 342 1999 Atque
373 1918 515 1979 extremo
544 1915 647 1980 libelli
671 1916 776 2000 capite
800 1915 845 2001 (p.
862 1914 957 2001 113),
980 1937 1043 2000 quo
1067 1914 1228 1980 Mettauer
1252 1914 1290 1979 de

145 2025 303 2106 tempore,
332 2043 396 2106 quo
426 2022 550 2087 scholia
577 2023 747 2088 Platonica
780 2023 845 2088 sint
878 2022 1071 2106 composita,
1103 2022 1291 2108 disputavit,

146 2127 301 2212 Hesychii
326 2129 375 2193 sui
398 2127 518 2193 Milesii
542 2151 674 2213 prorsus
698 2129 819 2194 oblitus
843 2152 915 2195 esse
937 2130 1076 2213 videtur,
1098 2151 1170 2194 cum
1193 2131 1291 2213 paulo

146 2240 275 2318 posta.
299 2235 364 2300 529
389 2236 446 2300 illa
469 2236 694 2322 conglutinata
717 2259 787 2301 esse
811 2237 970 2322 docuerit,
997 2260 1192 2322 quamquam
1216 2259 1291 2322 pro-

144 2342 231 2406 fecto
270 2345 346 2426 post
378 2342 534 2428 Hesychii
567 2344 840 2429 Onomatologum
877 2344 908 2408 h.
936 2367 961 2410 0.
995 2350 1129 2410 exeunte
1162 2345 1291 2410 saeculo

146 2454 238 2514 sexto
258 2450 309 2513 vel
329 2449 461 2515 ineunte
476 2451 614 2534 septimo
629 2473 668 2515 00
686 2451 867 2534 composita
885 2472 955 2515 esse
974 2450 1126 2535 colligere
1144 2451 1290 2517 debebat

235 2553 312 2648 Una·
332 2562 441 2621 autem
471 2558 616 2642 quaestio
640 2561 756 2641 restat,
785 2579 881 2652 quam
911 2559 944 2622 in
974 2579 1130 2642 suspenso
1159 2559 1291 2643 reliquit

146 2661 321 2747 Mettauer,
353 2667 462 2729 utrum
500 2663 708 2730 scholiastam
739 2663 943 2728 Platonicum
972 2650 1125 2749 genuino⁹
1139 2663 1291 2749 Hesychii

146 2769 384 2855 Onomatologo
407 2793 502 2835 usum
521 2793 591 2835 esse
610 2793 807 2855 censeamus,
831 2793 872 2836 an
892 2771 1031 2856 epitome
1051 2769 1291 2854 Onomatologi.

146 2879 254 2963 Atque
281 2899 353 2942 cum
376 2877 507 2942 Uuters.
521 2902 551 2963 p.
568 2879 609 2943 89
639 2880 804 2963 epitomen
831 2879 923 2943 illum
950 2878 1159 2963 descripsisse
1188 2879 1290 2962 suspi-

146 2988 236 3049 catus
267 2984 342 3066 sim,
369 3006 465 3068 nunc,
494 2986 647 3070 quoniam
671 2985 710 3051 de
733 2989 879 3071 tempore
903 3007 966 3070 quo
991 2985 1169 3050 scholiasta
1192 2986 1290 3070 scrip·

146 3093 226 3156 serit
249 3091 430 3156 accuratius
449 3090 628 3176 disputavit
646 3089 818 3170 Mettauer,
838 3091 900 3158 hoc
919 3091 1023 3155 minus
1043 3090 1150 3156 valere
1170 3093 1291 3175 malim,

146 3198 201 3262 sed
239 3199 345 3282 ipsum
378 3196 650 3283 Onomatologum
689 3198 730 3262 ab
767 3220 805 3263 eo
844 3198 1039 3282 descriptum
1073 3218 1143 3262 0000
1175 3199 1290 3264 iudico.

146 3303 238 3380 Quod
271 3304 299 3368 si
331 3307 417 3369 recte
451 3305 564 3388 statui,
597 3305 694 3369 etiam
723 3327 774 3391 ea,
806 3328 887 3391 0000
915 3305 950 3369 10
978 3304 1109 3370 scholiis
1137 3306 1291 3390 leguntur

146 3411 308 3494 uberiora,
336 3409 560 3476 desiderantur
583 3411 616 3477 in
639 3412 769 3496 lexicis,
797 3435 835 3477 ex
858 3412 1015 3497 ampliore
1042 3411 1135 3478 fonte
1160 3412 1290 3479 fluxisse

147 3517 305 3601 suspicari
327 3517 423 3581 nobis
447 3517 532 3582 licet.

234 3640 416 3726 Exscripsit
434 3642 590 3727 Hesychii
615 3645 777 3728 epitomen
801 3644 852 3708 vel
875 3644 984 3728 potius
1008 3644 1291 3731 Onomatologum,
1313 3646 1374 3725 §2

147 3752 184 3813 ut
204 3749 339 3832 videtur,
363 3749 461 3813 etiam
481 3750 598 3815 schol.
617 3751 772 3816 Anthol.
786 3749 863 3814 Pal.
883 3751 916 3815 in
940 3750 1044 3816 Palat.
1064 3750 1119 3815 Gr.
1134 3753 1176 3816 23
1200 3753 1290 3816 00100

147 3856 248 3920 vitam
265 3849 423 3938 Ἀγαθίας
436 3854 679 3941 descripsimus,
693 3857 821 3939 Jacobs,
837 3856 990 3921 AnthVI
1000 3880 1029 3942 p.
1040 3857 1082 3922 LI
1098 3863 1130 3922 et
1143 3857 1292 3941 Diodori,

147 3962 258 4028 histor.
282 3964 358 4030 min.
377 3962 410 4027 ΙΙ
432 3985 462 4046 p.
481 3961 558 4027 XIX
582 3967 615 4027 et
638 3963 783 4049 equidem
807 3963 841 4027 in
864 3969 1025 4049 apparatu
1048 3965 1167 4030 critico.
1206 3964 1291 4030 Ono·

147 4069 348 4154 0010100οω
373 4069 458 4152 dico,
482 4070 635 4154 quoniam
659 4070 783 4135 addidit
806 4067 1034 4156 ἐπιγράμματα
1057 4068 1140 4153 πρὸς
1162 4068 1290 4137 Θεόδω-

147 4198 209 4256 ρον
241 4178 475 4260 Δεκουρίωνα,
507 4198 589 4260 0000
621 4178 721 4242 verba
754 4178 873 4243 absunt
900 4201 919 4243 a
951 4177 1049 4243 Suida
1076 4177 1290 4262 Eudociaque.

148 4279 260 4366 Neque
290 4283 376 4346 enim
400 4281 516 4348 Suidae
549 4285 673 4351 lexicon
705 4285 746 4349 ab
775 4285 831 4350 illo
856 4287 1065 4372 compilatum
1088 4309 1172 4369 0000,
1200 4278 1290 4351 chius

148 4388 214 4451 fere
242 4391 386 4474 aequalis
410 4390 522 4473 fuerit,
550 4413 652 4476 neque
674 4393 874 4477 prooemium
900 4393 1077 4478 Agathiae,
1101 4397 1187 4457 recte
1210 4392 1292 4457 vidit

102 4574 107 4581 ⁵
146 4495 281 4579 Fiuslcr,
308 4497 392 4561 Krit.
415 4497 545 4562 Uuters.
569 4521 624 4562 cur
649 4499 747 4565 Anth.
777 4522 806 4583 p.
838 4499 900 4565 152
923 4522 989 4584 seq.
1021 4498 1151 4584 (zurich
1184 4498 1291 4585 1876).

200 4609 351 4662 Haeremus,
365 4611 399 4652 ed.
414 4611 493 4653 Flach.
1061 4605 1079 4658 b
