3036 5114
235 309 350 365 XXVIII
672 311 951 367 PROLIIGOMENA.

235 470 422 559 Σώφιλος
435 511 476 522 -
494 478 609 559 Appio
624 499 653 560 p.
669 479 790 561 Aptior,
810 466 1104 554 Μουσώνιος-
1124 480 1330 542 Βοοασινίου
1348 500 1380 561 p.
1479 505 1483 510 ⁴

234 585 453 665 Bovtccvc'ov‚
472 576 638 667 Ὅμηρος
664 620 701 629 -
726 578 914 669 Ἰαμονίδγς
938 606 968 668 p.
985 578 1173 669 Ἰδμονίδης
1192 591 1225 650 ct
1247 589 1378 667 Μνησι-

233 687 353 772 γόαους
388 713 418 775 p.
451 688 754 777 Melpccyivov3¹)‚
790 685 986 775 Εὐσέβιος
1019 685 1199 780 Οόαπιααῷ
1232 715 1262 776 p.
1292 686 1377 757 Οὐλ-

233 797 358 885 πιανῷ,
386 799 588 880 Σωσίβιος
612 797 763 862 παλαιῶν
791 797 866 863 fort.
888 819 947 881 pro
970 798 1114 863 παιδιῶν
1138 799 1177 864 al.
1202 797 1255 884 (cf.
1278 799 1377 864 etiam

233 902 362 969 Unters.
381 926 411 987 p.
427 905 467 968 71
479 901 568 990 seq.).

321 1017 378 1086 Sin
406 1019 551 1086 codicum
577 1021 788 1086 Suidanorum
818 1026 850 1087 et
876 1026 954 1088 vett.
978 1021 1048 1087 edd.
1071 1022 1226 1088 lectiones
1250 1046 1377 1107 percur-

232 1131 342 1215 rimus,
361 1128 519 1194 nonnulla
537 1130 670 1194 omnino
690 1129 808 1195 rectius
828 1130 892 1215 legi
911 1130 947 1194 in
965 1128 1104 1194 ABEM
1119 1130 1264 1196 videmus
1280 1127 1328 1215 (in
1343 1129 1377 1194 M
1403 1184 1407 1190 .

233 1245 302 1304 tum
317 1259 397 1304 corr.
413 1234 674 1321 Chalcondylas),
698 1259 770 1302 cum
785 1237 850 1301 alia
865 1237 980 1302 menda
994 1239 1176 1303 communia
1195 1238 1262 1303 sint
1277 1236 1377 1302 ΒΕΜ

236 1346 320 1431 vulg.
347 1344 419 1409 Ald.
438 1342 529 1427 Eud,
553 1345 722 1428 permultis
748 1348 855 1409 autem
875 1344 954 1410 Iocis
973 1344 1108 1410 ABVE
1128 1346 1303 1432 genuinam
1324 1368 1374 1411 ex-

231 1453 366 1518 hibeant
384 1451 570 1534 lectionem,
591 1451 707 1537 reliqui
726 1451 894 1535 vitiosam,
920 1453 1009 1517 velut
1029 1452 1079 1518 illi
1103 1454 1291 1539 plerumque
1309 1454 1377 1519 τῶν

232 1556 347 1645 δήμων
367 1557 472 1647 (sicA
492 1581 520 1625 v.
537 1553 716 1642 Ἀντιφῶνς
736 1559 852 1644 corrig.
867 1556 1044 1624 Bernhard.
1064 1559 1151 1646 app.)
1169 1562 1224 1626 rel.
1242 1557 1302 1626 τὸν
1322 1562 1377 1645 δῆ-

231 1693 311 1753 μοα;
331 1668 458 1753 saepius
481 1666 580 1732 etiam
596 1666 625 1731 Ε
645 1665 734 1731 solus
754 1671 838 1731 recte
852 1667 941 1751 legit,
960 1667 1050 1732 cuius
1066 1667 1236 1734 librarium
1251 1673 1377 1734 textum

231 1776 406 1843 correxisse
425 1771 582 1861 censeo.²)
612 1773 651 1838 In
669 1774 839 1858 permultis
858 1777 965 1839 autem
984 1775 1065 1840 locis
1084 1775 1149 1840 AV
1171 1776 1377 1862 (quibuscum

231 1886 297 1949 I'cre
321 1884 482 1949 consentit
504 1883 681 1948 Vaticanus
711 1881 916 1947 aPearsouo
945 1884 1111 1969 excussus)
1141 1884 1237 1949 solos
1255 1888 1376 1950 rectam

231 1993 401 2057 lectionem
421 1992 541 2056 habere
560 1991 724 2075 perspexit
742 1987 944 2073 Kusterus³),
967 1989 1050 2054 unde
1074 1991 1214 2074 plurima
1236 1992 1378 2056 remedia

232 2099 335 2165 textui
353 2096 470 2164 Suidae
490 2098 681 2183 corruptelis
702 2098 870 2182 inquinato
890 2098 1026 2162 afferret.
1064 2100 1218 2164 Attamen
1238 2099 1376 2164 multum

232 2208 334 2290 abest,
349 2211 385 2271 ut
399 2210 568 2290 utrumque
584 2206 703 2271 librum
715 2211 870 2290 tanquam
885 2228 983 2271 unum
997 2212 1093 2291 atque
1108 2207 1291 2272 absolutum
1305 2209 1377 2272 t'un-

232 2313 420 2378 dementum
443 2319 550 2379 textus
570 2312 704 2378 Suidani
727 2334 797 2378 esse
821 2312 1059 2400 arbitremur),
1082 2337 1155 2380 cum
1179 2337 1281 2400 aequo
1306 2337 1374 2380 sac-

214 2568 222 2581 ·
304 2546 329 2610 1)
354 2539 559 2612 Μελησαγόρας
581 2561 633 2613 pro
652 2539 844 2613 Μνησαγόρας
863 2545 983 2599 oecurrIt
1002 2544 1131 2614 Apollocl.
1150 2544 1202 2612 III,
1223 2551 1269 2611 10,
1288 2550 1318 2613 3,
1343 2546 1378 2602 cI.

233 2624 344 2694 Ilcyne,
364 2623 435 2679 obss.
456 2622 491 2676 ad
511 2623 562 2693 Ap.
582 2642 608 2694 p.
629 2629 689 2692 ³58,
708 2624 789 2679 Voss.
809 2624 873 2679 hist.
892 2623 938 2679 Gr.
958 2643 985 2695 p.
1001 2630 1034 2678 22
1049 2623 1136 2680 Weat

302 2705 329 2771 2)
349 2703 448 2770 Velut,
467 2705 499 2757 ut
518 2704 607 2759 oratio
622 2702 733 2773 plenior
748 2704 810 2771 fiat,
829 2704 902 2759 solus
917 2704 1041 2773 pluriens
1057 2703 1161 2758 addens
1175 2704 1221 2761 δὲι
1241 2706 1275 2761 cf.
1291 2711 1377 2775 Καρ-

231 2789 327 2846 κῖνος
345 2784 391 2851 ab,
409 2784 454 2837 vel
474 2783 589 2838 titulum
609 2784 750 2853 corrigens
769 2803 794 2838 v,
812 2782 907 2838 Θέων
920 2779 965 2839 'At
984 2784 1028 2853 (cf.
1044 2784 1138 2849 Daub,
1154 2783 1232 2841 Stnd.
1248 2804 1274 2855 p.
1292 2792 1344 2848 54).

302 2868 329 2931 3)
352 2864 393 2918 ef.
417 2882 442 2916 v.
463 2859 612 2933 Κλήμης,
636 2863 684 2918 ubi
703 2868 752 2916 AV
771 2859 994 2933 αὐτοκράτορας,
1016 2868 1096 2916 BEII
1118 2865 1181 2919 Ald.
1201 2865 1271 2920 Eud.
1295 2862 1377 2921 αότο-

136 2973 149 2993 ·
234 2945 384 3011 κραιορίας
403 2943 439 2997 al.

302 3026 329 3091 4)
354 3023 495 3090 Editores,
519 3024 567 3093 qui
586 3042 679 3094 presse
699 3025 818 3095 vestigia
839 3025 919 3080 codd.
938 3029 988 3077 AV
1007 3025 1095 3080 secuti
1114 3030 1191 3094 sunt,
1215 3027 1377 3095 saepissime

233 3104 367 3173 Hesychii
389 3107 497 3159 textum
516 3104 631 3159 ridicule
652 3109 833 3171 vexaverunt,
857 3106 935 3160 velut
958 3102 989 3159 tt
1014 3108 1079 3175 post
1102 3103 1207 3175 ἔγραψε
1228 3124 1375 3162 mercum

231 3190 281 3237 AV
300 3184 466 3253 inserentes,
490 3203 553 3241 mox
577 3203 639 3239 cum
663 3187 762 3241 iisdem
783 3187 972 3251 removentes,
995 3185 1100 3254 quain
1125 3202 1272 3241 remoneo
1295 3204 1377 3242 vocu-

231 3267 287 3321 lam
313 3262 419 3334 ἕγραψε
444 3265 489 3319 vel
513 3263 638 3335 γέγραφε
663 3267 707 3321 vel
725 3262 846 3335 ποιήσας
864 3264 1006 3321 nonnullis
1030 3264 1114 3335 Iocis,
1133 3266 1181 3320 ubi
1207 3267 1376 3323 locutionem

232 3346 331 3414 violet,
356 3345 455 3401 lectori
473 3345 569 3401 deberi
593 3345 637 3414 (cf.
655 3340 800 3414 Ἀντιφῶν,
821 3341 1025 3415 Ἀριστόδημος,
1047 3340 1199 3415 Ἀρριανός,
1219 3344 1377 3417 Αὔγουστος

231 3434 355 3497 Καῖσαρ,
373 3423 530 3496 Ζηνόδοτος
542 3420 599 3493 rc,
613 3422 750 3495 Στράττις
762 3420 814 3479 'ot
832 3426 892 3497 [ubi
910 3425 946 3480 ad
961 3425 1084 3495 glossam
1102 3424 1253 3481 Stratonici
1269 3426 1377 3496 physici

232 3508 379 3579 pertinetl,
396 3507 516 3562 fortasse
536 3526 559 3561 v.
580 3502 752 3575 Εόστέφιος,
770 3501 932 3573 Ἰσίδωρος),
949 3536 978 3544 -—
995 3505 1141 3559 verborum
1162 3505 1260 3560 serlem
1283 3506 1377 3575 inepte

232 3590 372 3654 tenentes,
390 3588 469 3643 velut
486 3606 513 3642 v.
532 3584 696 3660 Λιβάνιος
719 3583 854 3657 σοφιστὴς
870 3580 1021 3654 Ἀντιογεὺς
1040 3602 1090 3654 pro
1107 3580 1171 3639 Ἆγι.
1192 3603 1254 3654 σοφ.
1275 3587 1325 3653 al,
1351 3606 1374 3642 v.

230 3662 335 3739 Ἰόβας
354 3685 416 3722 cum
435 3673 457 3720 Δ
476 3672 643 3738 reponentes
666 3664 753 3724 πολλὰ
776 3663 852 3722 πάνυ
878 3666 923 3733 (cI.
943 3685 968 3720 v.
987 3662 1133 3734 Φάλαρις),
1156 3685 1181 3720 v.
1207 3667 1374 3735 Προαιρὲ-

232 3766 304 3811 σιος
322 3766 384 3803 curn
399 3753 475 3801 AVB
495 3752 687 3819 expungentes
705 3744 796 3818 παρά,
815 3747 889 3817 quod
904 3746 1023 3800 maxime
1041 3745 1226 3800 necessarium
1242 3749 1293 3801 est.
1317 3747 1376 3804 Nec

232 3828 324 3883 minus
343 3831 467 3885 errantes
484 3849 510 3885 v.
530 3825 697 3901 Aipuleios
715 3846 777 3884 eum
792 3832 868 3880 AVB
888 3825 1083 3897 praeferebant
1100 3825 1229 3881 vitiosam
1248 3826 1304 3880 τῶν
1329 3823 1376 3881 ἐπὶ

232 3906 352 3980 χρόνον,
378 3908 489 3979 aliaque
513 3911 723 3980 expungebant,
745 3908 812 3977 quia
835 3909 978 3963 absuntA
1001 3906 1046 3960 vel
1065 3909 1096 3973 V,
1120 3923 1190 3974 qnae
1214 3905 1323 3977 saepius
1346 3907 1375 3961 iu

232 3992 339 4045 textum
362 3990 505 4058 revocavi,
530 3989 651 4060 exempli
674 3989 766 4058 gratia
789 3991 914 4042 extrema
937 3987 1021 4042 verba
1043 3986 1081 4055 gl.
1105 3982 1290 4060 Πολύβιος,
1314 3989 1375 4042 tum

233 4070 318 4127 verba
336 4068 443 4139 ἔγραψε
461 4071 506 4125 vel
525 4065 639 4139 γράψας
653 4086 703 4122 nec
719 4067 809 4122 minus
828 4066 869 4131 εἷς
888 4072 953 4124 ante
967 4068 1023 4121 τῶν
1042 4064 1112 4120 δέκα
1132 4062 1257 4135 ῥητόρων
1276 4070 1306 4122 et
1319 4069 1376 4122 τιόο

233 4145 259 4217 ζ’
279 4150 375 4219 σοφῶν
393 4166 458 4204 mox
476 4148 619 4218 ponebant
637 4165 701 4203 mox
719 4148 901 4218 omIttebant,
920 4164 1089 4218 quamquam
1107 4164 1196 4215 neque
1215 4146 1245 4200 in
1259 4151 1309 4198 AV
1328 4165 1376 4202 ne-

232 4248 285 4300 que
304 4230 332 4284 in
355 4230 404 4285 rel.
424 4231 529 4284 certam
552 4230 611 4283 cius
635 4229 674 4283 rei
693 4229 830 4284 rationem
850 4226 1028 4298 conspIcuam
1047 4244 1105 4281 esse
1129 4228 1251 4293 constat,
1275 4227 1375 4282 deinde

233 4308 267 4366 τά
288 4312 352 4365 ante
370 4308 451 4381 μέγρι
470 4310 515 4364 vel
535 4307 587 4372 ἕως
606 4313 635 4364 et
654 4312 718 4379 post
737 4307 842 4379 ἔγραψε
864 4327 927 4363 mox
946 4326 1008 4363 eum
1028 4307 1106 4360 libris
1125 4305 1294 4362 omittebant
1312 4324 1375 4362 mox

115 4390 119 4403 ’
233 4391 387 4458 addebant,
406 4406 575 4459 quamquam
590 4389 718 4445 omnibus
731 4390 850 4446 fortasse
864 4389 934 4445 Iocis
949 4387 1140 4443 revocandum·
1150 4390 1191 4440 est
1206 4386 1251 4455 (cf.
1266 4384 1375 4455 Κοδρά-

234 4493 279 4537 τος
296 4475 326 4529 et
339 4472 375 4528 ad
391 4490 415 4527 r.
430 4466 584 4540 Σιόιιατρος
596 4465 671 4540 Ἆγι).
699 4472 737 4526 L't
751 4470 903 4526 minutiora
921 4468 1040 4537 denique
1055 4466 1254 4538 perstringam,
1273 4485 1298 4522 v.
1313 4465 1376 4526 Ξέ-
