3036 5114
569 321 853 379 Pirouauonsus.
1204 321 1281 376 XXV

139 485 344 575 Daubium¹),
368 487 548 571 Pulehium,
569 487 871 572 Pappenheimium,
894 486 1066 573 Gropium,
1089 485 1282 572 Patzigium,

138 616 273 679 quorum
297 596 456 681 plerique,
475 617 557 681 quae
575 596 645 680 ipse
665 593 794 659 Untera
809 617 839 678 p.
850 594 893 658 35
903 616 968 678 seq.
988 593 1163 678 disputavi,
1184 615 1221 658 ea
1235 616 1282 658 re·

138 701 249 765 fellere
274 701 478 782 studuerunt,
502 704 572 786 alii,
596 703 686 767 velut
708 702 823 786 Pulch,
846 702 938 767 novis
965 701 1165 787 argumentis
1189 705 1284 767 caute

141 808 252 892 innisi,
276 809 344 888 alii,
368 808 402 873 id
426 808 510 895 quod
536 808 786 873 Wilamowitzio
810 809 942 893 eiusque
966 807 1121 894 discipulo
1145 809 1283 893 plerum-

138 936 201 1000 que
224 916 344 1000 placet,
367 915 474 980 causis
494 915 626 980 omnino
648 937 714 979 non
738 914 870 998 additis,
893 914 949 980 sed
973 914 1069 981 dictis
1092 917 1283 1000 temerariis,

141 1021 276 1106 ineptis,
301 1022 507 1107 arrogantiae
531 1023 645 1106 plenis.

230 1127 298 1195 Nec
321 1129 374 1195 hie
398 1130 586 1214 negaverim
605 1151 663 1194 neo
688 1151 829 1215 unquam
853 1131 985 1217 negavi,
1008 1131 1117 1215 plures
1143 1132 1225 1196 vitas
1249 1133 1282 1197 iu

140 1236 286 1302 Violario
311 1240 457 1302 extantes
481 1259 613 1321 prorsus
637 1236 676 1301 de
706 1235 822 1302 Suidae
850 1237 953 1303 lexico
981 1238 1133 1322 pendere,
1161 1260 1216 1303 seu
1246 1239 1284 1302 de

140 1344 303 1409 codicibus
332 1343 562 1427 manuscriptis
592 1366 647 1408 seu
672 1343 710 1407 de
734 1343 938 1422 editionibus,
972 1344 1176 1430 quodquam
1201 1345 1283 1409 difli-

141 1451 201 1516 cile
225 1449 403 1516 diiudicata
427 1451 471 1515 sit
493 1473 589 1516 nemo
612 1451 715 1516 nescit
739 1449 896 1536 (attamen
915 1451 1068 1517 Aldinam
1091 1454 1125 1517 in
1148 1453 1283 1518 nonnul·

141 1559 182 1623 lis
206 1559 281 1623 vitis
306 1558 509 1644 suppositam
529 1580 598 1622 esse
617 1558 787 1641 probabile
806 1557 881 1642 est),
904 1558 994 1624 euius
1013 1560 1060 1623 rei
1079 1560 1177 1625 haece
1198 1550 1283 1625 lucu-¹

139 1666 319 1732 lentissima
347 1664 427 1730 mihi
459 1666 636 1730 offeruntur·
664 1667 824 1750 exempla,
852 1667 883 1730 si>
904 1666 1031 1733 silentio
1055 1668 1205 1733 omittam
1230 1690 1283 1732 eas

138 1774 236 1857 vitas,
268 1796 349 1859 quae
381 1773 416 1837 in
448 1785 585 1858 utroque
617 1773 701 1838 libro
730 1795 768 1838 ex
797 1773 929 1839 scholiis
959 1774 998 1840 ad
1027 1775 1282 1861 Aristophanem

138 1881 311 1965 fluxerunt,
337 1903 393 1945 seu
425 1880 466 1945 ad
494 1881 626 1946 verbum
657 1880 837 1965 descriptae
870 1904 926 1946 seu
957 1883 1183 1968 neglegentius
1212 1882 1283 1947 bre-

141 1989 255 2053 viatae.
300 2011 329 2052 v.
354 1981 577 2072 Ἀρχέδικος
604 1988 685 2053 Eud.
705 1986 775 2052 add.
804 1987 941 2053 alteram
971 1986 1087 2054 Suidae
1115 1990 1216 2054 vitam
1245 2011 1284 2053 ex

140 2093 280 2178 Polybio
304 2096 529 2181 oonrpilatam3
553 2120 581 2160 v.
598 2089 742 2172 Ἰσαῖος
764 2095 864 2161 habet
886 2096 973 2161 vitae
998 2103 1123 2182 partem
1143 2122 1181 2162 ex
1201 2096 1283 2161 Har-

141 2201 327 2284 pacratione
360 2225 379 2267 a
409 2200 508 2267 Suida
540 2202 778 2286 depromptam,
810 2206 1008 2287 quapropter
1036 2201 1205 2287 Hermippi
1236 2203 1282 2268 lo-

139 2331 210 2372 cum
235 2307 276 2372 ab
300 2308 559 2394 Harpocratione
582 2307 749 2374 laudatum
778 2313 913 2393 uterque
944 2308 1054 2373 omisit
1082 2332 1141 2375 nee
1176 2310 1283 2375 minus

141 2414 295 2480 Demetrii
319 2415 481 2500 Magnetis
509 2416 629 2481 librum
658 2415 695 2480 ἐν
722 2413 890 2501 τοῖςπερὶ
917 2410 1107 2502 ὁμωνύμων
1134 2418 1282 2501 ποιητῶν

141 2522 224 2603 [add.
242 2505 298 2587 nal
316 2522 568 2607 ovyypapa'aul,
592 2523 710 2589 additis
735 2547 772 2588 ex
796 2524 861 2589 alio
885 2526 975 2589 fonte
999 2526 1049 2590 vel
1073 2548 1111 2590 ex
1135 2525 1283 2591 uberiore

139 2629 406 2714 Harpocrationis
436 2628 552 2716 libro²)
576 2629 683 2695 verbis
707 2617 806 2707 οὗτος
830 2667 869 2677 -
894 2628 1113 2714 προαγαγώνς
1137 2656 1164 2697 v.
1185 2635 1219 2696 K
1224 2656 1283 2696 αι-

138 2739 266 2813 κίλιος
289 2760 312 2802 s.
326 2738 380 2800 fin.
403 2737 537 2821 praebet
556 2735 671 2802 Suidae
691 2758 805 2822 nugas,
829 2759 908 2821 quas
929 2737 1283 2822 interpolatori-deberi

138 2844 255 2909 iniuria
274 2844 400 2910 obtinet
418 2844 522 2911 Pulch
543 2868 573 2929 p.
591 2846 645 2927 lo,
667 2846 737 2922 πῶς
760 2841 797 2910 dt
817 2839 980 2922 Ἰουδαῖος
1003 2840 1108 2928 σοφὸς
1131 2840 1219 2911 οὕτω
1242 2841 1283 2910 τὰ

134 2946 310 3035 Ἑλληνικὰ
334 2926 436 3044 euripi
456 2947 630 3035 θαυμάζω,
654 2974 735 3037 quae
758 2953 792 3016 in
816 2953 908 3018 libris
927 2952 1015 3018 varia
1035 2954 1196 3040 leguntur,
1219 2953 1282 3018 uisi

138 3059 246 3142 potius
270 3060 422 3124 lectorem
446 3059 588 3143 aliquem
612 3060 676 3123 iam
700 3061 858 3143 epitomes
880 3060 1020 3146 margini
1040 3083 1077 3126 ea
1096 3061 1282 3146 appinxisse

138 3166 326 3250 suspicaris3
350 3190 378 3232 v.
398 3161 654 3249 Μενεκράτης
677 3167 747 3231 add.
762 3167 869 3232 locum
891 3166 1007 3232 Athen.
1020 3167 1084 3231 VII
1108 3190 1138 3252 p.
1153 3168 1217 3233 289
1240 3169 1281 3232 ab

138 3272 302 3357 Ilesyehio
331 3295 464 3358 prorsus
493 3272 648 3355 alienum3
677 3296 704 3337 v.
728 3268 887 3350 Νόννος
910 3274 980 3340 add.
1000 3296 1037 3339 ex
1062 3273 1179 3339 Suidae
1204 3276 1281 3340 arti·

138 3379 210 3444 culo
240 3376 373 3444 Νόννοι
402 3379 456 3465 (ef.
485 3377 586 3443 Pulch
615 3402 645 3462 p.
668 3379 738 3463 76),
773 3402 968 3464 quamquam
999 3382 1098 3446 etiam
1128 3381 1197 3445 fieri
1226 3404 1282 3465 po·

139 3489 216 3568 test,
241 3490 276 3551 ut
300 3509 338 3550 ex
359 3486 458 3552 Anth.
476 3484 580 3551 Palat.
599 3486 708 3552 codice
732 3486 904 3572 desumpta
928 3488 994 3551 sint
1017 3487 1071 3573 (ef.
1089 3486 1209 3552 Jacobs
1234 3488 1280 3552 Vl

138 3616 168 3677 p.
182 3590 299 3679 LXV),
318 3616 346 3657 v.
366 3592 517 3676 Πέτρος
536 3591 606 3656 add.
626 3591 743 3658 Suidae
762 3594 861 3658 verba
880 3592 1072 3678 deprompta
1091 3617 1129 3658 ex
1148 3594 1281 3660 Menan-

139 3698 197 3764 dro
225 3722 255 3783 p.
270 3700 335 3764 429
363 3698 471 3782 Nieb.;
499 3722 527 3765 v.
542 3695 737 3784 Ποτάμων
761 3703 849 3765 Μιτ.
877 3700 1024 3766 adiunxit
1047 3700 1164 3767 Suidae
1192 3704 1280 3788 glos·

139 3827 209 3870 sam
227 3808 286 3870 καί
303 3827 381 3871 ποτε
400 3843 435 3852 -
453 3812 626 3890 νολεμεῑνς
650 3829 678 3872 v.
698 3806 831 3890 Σῆμος
849 3807 983 3891 praebet
1001 3808 1098 3873 verba
1117 3808 1280 3898 ἐντούτῳ

140 3939 350 3947 ———...-..

138 4015 278 4085 exposuit,
301 4035 384 4086 quem
408 4034 497 4086 neque
519 4017 621 4073 Suidae
644 4034 733 4088 neque
752 4017 893 4073 Eudociae
919 4018 1068 4074 articulum
1093 4038 1216 4090 unquam
1240 4022 1281 4077 vi-

137 4095 211 4151 disse
230 4096 335 4165 opinor.

210 4177 235 4244 1)
255 4175 281 4229 la
300 4195 468 4248 quamquam
487 4180 576 4234 totam
596 4179 785 4247 quaestionem
802 4197 858 4235 non
877 4181 1060 4247 examinavit,
1079 4183 1172 4236 tamen
1192 4183 1281 4237 omni-

138 4256 189 4310 bus
213 4255 241 4309 in
264 4256 347 4325 loeis,
370 4258 491 4327 exempli
514 4259 607 4329 gratia
631 4259 707 4315 Stud.
728 4279 755 4329 p.
777 4266 840 4328 129,
863 4263 997 4330 tanquam
1021 4260 1092 4315 nulli
1112 4261 1281 4318 dubitationi

138 4335 259 4390 obnoxia
278 4337 327 4408 sit,
346 4338 380 4394 de
400 4356 433 4394 ea
451 4339 582 4408 loquitur.

209 4418 237 4484 a)
261 4417 302 4471 De
321 4418 414 4473 indole
433 4418 573 4487 codicum,
593 4421 692 4488 quibus
710 4421 943 4492 Harpocrationis
960 4423 1068 4479 lexicon
1089 4424 1169 4479 nobis
1188 4441 1280 4480 serva-

137 4498 199 4550 tum
218 4499 273 4568 est,
293 4498 327 4552 cf.
347 4497 469 4572 Boysen,
489 4500 524 4555 de
543 4500 628 4571 Harp.
646 4501 716 4557 font.
736 4520 761 4571 p.
779 4509 802 4558 6.
