3036 5114
614 364 898 426 Pnouudonnus.
1259 359 1324 416 XIX

180 536 241 602 Sed
269 540 495 621 praeterquam
524 534 609 620 qnod
636 556 702 598 non
725 532 884 617 optimum
909 528 1136 613 Onomatologi
1161 526 1325 609 exemplar

178 645 213 708 iu
235 645 385 709 manibus
409 644 563 708 habuisse
582 640 744 726 putandus
763 644 821 721 est,
847 641 1016 721 tantopere
1035 634 1191 720 Hesychii
1210 633 1325 698 doetri-

179 773 255 815 nam
283 752 374 836 parvi
405 751 495 835 fecit,
522 753 560 814 ut
586 771 661 814 mox
689 748 755 812 suis
784 746 916 829 ineptiis
944 745 1103 829 rugisque
1127 764 1198 806 eam
1221 740 1325 825 inqui-

179 863 281 941 naret,
300 857 449 941 inprimis
467 880 539 922 eum
561 857 755 921 christianae
776 851 896 936 aliquid
915 873 949 914 se
967 849 1042 914 fidei
1057 849 1171 914 debere
1191 848 1326 913 arbitra·

179 971 269 1030 retur
288 962 342 1049 (cf.
366 967 439 1036 ante
459 985 569 1029 omnes
590 986 618 1029 v.
635 956 794 1044 Ἰώσηπος
814 964 846 1023 et
866 953 1084 1054 Λουκιανός),
1109 979 1183 1021 mox
1206 959 1325 1019 temere

180 1093 216 1135 ae
243 1094 358 1156 parum
386 1071 558 1156 diligenter
582 1091 620 1133 ex
648 1069 689 1133 iis
712 1067 819 1144 libris,
848 1086 928 1150 quos
951 1065 1147 1149 perlegerat,
1175 1063 1264 1127 velut
1288 1085 1325 1126 ex

180 1176 310 1245 Laertio
335 1178 494 1264 Diogene,
518 1177 734 1259 Philostrato,
757 1172 940 1250 Damascio,
966 1171 1124 1255 Eunapio,
1147 1169 1326 1250 Athenaeo,

180 1309 217 1350 ex
237 1285 401 1350 nonnullis
419 1284 568 1370 patribus
585 1280 821 1364 aeclesiasticis,
836 1280 925 1345 velut
939 1302 976 1343 ex
992 1277 1133 1362 Socrate,
1146 1275 1327 1341 Philosur:

180 1391 248 1475 gio,
264 1389 469 1476 ¹Sophronio,
492 1392 587 1474 plura
610 1388 804 1454 describeret
824 1387 964 1470 vitisque
983 1384 1198 1468 Hesychianis
1219 1383 1327 1448 adiun-

180 1503 280 1582 geret,
304 1499 375 1582 ipsa
394 1499 462 1564 vita
481 1496 689 1581 Hesychiana
710 1516 844 1580 prorsus
863 1494 929 1558 fere
950 1493 1070 1558 reiecta
1089 1489 1143 1577 (cf.
1159 1485 1326 1576 Ἀρίσταρ-

180 1628 237 1689 χος
264 1610 347 1688 Tay,
371 1600 551 1690 Ἱεροκλῆς,
580 1604 747 1687 Σεβῆρος,
781 1598 957 1665 Τελέσιλλα
987 1598 1043 1686 al.)
1068 1599 1118 1662 vel
1142 1603 1234 1684 parte
1257 1597 1326 1662 eiua

181 1713 302 1778 omissa
334 1711 389 1800 (cf.
419 1707 677 1795 Καλλισθένης.)
685 1706 709 1796 ¹)
759 1705 829 1772 Nee
861 1708 967 1772 minus
1001 1707 1034 1771 id
1065 1706 1220 1791 probasse
1247 1703 1328 1768 mihi

183 1887 246 1924 eum
264 1875 286 1921 V
305 1869 374 1923 facit
392 1870 421 1922 in
439 1868 478 1939 gl.
496 1863 676 1936 Ἐπιμενίδης
691 1868 755 1932 (om.
771 1861 867 1935 πόρρω
881 1859 1010 1934 χρόνον),
1026 1858 1233 1933 Ἐρατοσθένης
1251 1864 1328 1932 (Hes.

182 1948 311 2020 ἐγγίζων,
330 1955 352 2001 v
373 1944 497 2017 ἐγγίσας,
517 1946 565 2000 rel.
586 1942 759 2015 typicasse),
779 1961 835 2012 qua
849 1945 879 1999 in
893 1945 954 2000 vita
972 1945 1047 1999 solus
1066 1943 1217 2014 genuinam
1231 1944 1328 1998 lectio·

182 2047 245 2085 nem
260 2030 337 2096 Βῆτα
357 2027 481 2083 servavit
499 2023 620 2098 (βήματα
641 2024 718 2080 Snid.
734 2025 824 2095 libri),
849 2043 967 2094 quorum
986 2027 1134 2094 utrumque
1153 2041 1264 2079 servam
1282 2040 1327 2078 co·

184 2115 267 2165 natur
280 2109 370 2175 Danb,
385 2108 463 2163 Stud.
475 2126 502 2178 p.
514 2114 560 2174 843
575 2106 613 2176 gl.
626 2105 779 2169 Γενέθλιος
793 2105 867 2160 solus
882 2107 1007 2162 servavit
1020 2099 1079 2182 μιᾷζ
1092 2138 1123 2145 -
1139 2105 1180 2160 De
1194 2105 1327 2159 librorum

182 2191 434 2259 manuscriptorum
453 2188 548 2242 indole
566 2203 598 2240 uc
618 2189 719 2241 natura
736 2185 810 2240 infra
832 2192 847 2252 6
864 2194 881 2242 4
904 2187 1021 2243 dicetur.
1041 2218 1074 2226 —
1098 2186 1140 2241 Dc
1157 2184 1329 2241 tenuissimis

182 2269 332 2340 excerptis,
361 2285 431 2338 quae
459 2268 489 2322 in
517 2268 640 2322 Zonaras
668 2267 743 2335 qnod
770 2266 859 2322 fertur
886 2269 976 2324 lexico
1000 2270 1109 2337 extant,
1137 2266 1196 2321 dixi
1219 2266 1328 2321 Unters.

181 2367 208 2419 p.
226 2355 260 2425 92
275 2366 332 2417 seq.

255 2439 280 2504 1)
305 2437 489 2502 Quodetiam
515 2434 550 2490 de
574 2436 771 2496 nonnullorum
794 2437 1040 2508 grammaticorum
1063 2438 1129 2494 vitis
1154 2436 1329 2506 crediderim,

182 2517 325 2586 Apollonii
343 2519 373 2571 et
390 2516 550 2571 Herodiani.
589 2517 739 2586 Utriusque
756 2520 831 2571 enlm
850 2519 922 2572 vltas
941 2519 1008 2573 olim
1027 2519 1226 2588 locupletiores
1245 2518 1329 2572 fuisse

183 2595 331 2651 manifesto
350 2596 484 2675 probatur
502 2595 562 2651 vita
580 2596 736 2666 Apollonii,
756 2615 827 2665 qnae
847 2599 897 2652 sub
913 2598 1064 2654 Theodosii
1082 2597 1261 2669 grammatici
1279 2615 1327 2652 no·

182 2676 256 2729 mine
271 2677 358 2730 fertur
373 2693 390 2731 a
405 2677 555 2746 SylburgIo
570 2677 708 2744 (Francos.
726 2683 805 2749 1690)
822 2679 898 2734 edita
914 2683 990 2735 etex
1005 2681 1066 2735 Par.
1082 2685 1151 2734 2603
1165 2678 1201 2732 ab
1216 2676 1329 2733 Osanno

182 2755 218 2808 ad
236 2755 353 2811 Philam.
373 2775 399 2826 p.
420 2762 471 2812 306
496 2755 542 2824 (cf.
560 2757 647 2812 etiam
666 2758 774 2828 Lenta,
793 2758 943 2814 Herodian.
963 2759 1017 2830 Ip.
1033 2767 1063 2827 63
1082 2759 1205 2826 Bekker,
1224 2758 1328 2816 Anecd.

182 2854 209 2904 p.
227 2838 319 2904 1141),
342 2835 392 2890 sed
415 2836 663 2891 sWestermanno
688 2838 791 2893 omissa
821 2837 867 2907 (cl.
887 2838 1088 2906 Wachsmnth,
1113 2838 1207 2908 Symb.
1230 2857 1257 2908 p.
1279 2845 1330 2892 144

182 2919 265 2987 not),
296 2919 325 2972 in
348 2917 426 2972 cuins
449 2916 531 2971 initio
550 2916 720 2986 Hesychiani
744 2918 845 2973 coleris
863 2919 984 2989 vestigia
1003 2922 1173 2990 comparent.
1211 2919 1329 2974 Textnm

184 2997 319 3066 descripsi
343 2998 372 3052 in
398 2997 554 3068 appendice
579 3014 605 3053 n.
627 2998 648 3052 1.
691 2996 771 3062 Quod
797 3001 892 3053 autem
917 3000 951 3054 de
977 3001 1030 3055 hac
1056 3000 1116 3056 vita
1142 3001 1266 3066 constat,
1294 2998 1329 3052 de

183 3079 243 3132 vIta
265 3076 435 3147 Menagiana
452 3076 612 3132 Aristotelis
632 3078 725 3132 valere
749 3081 850 3150 negavi
874 3081 980 3136 Untera.
1000 3101 1026 3152 p.
1048 3088 1081 3136 93
1096 3098 1167 3150 seq,
1190 3081 1265 3150 quod
1285 3079 1329 3133 vol

183 3156 309 3212 Platonis
324 3157 383 3213 vlta
397 3157 433 3212 ab
447 3157 587 3227 Hesychio
602 3157 743 3228 descripta
760 3160 881 3215 maxime
895 3162 1037 3231 probatur.
1071 3161 1242 3216 Erravarunt
1255 3159 1330 3214 enim

183 3237 268 3304 Itose,
293 3237 376 3293 Arist.
404 3238 503 3292 Pseud.
524 3256 551 3307 p.
573 3242 605 3292 18
625 3254 682 3307 seq.
712 3239 750 3308 (et
772 3237 930 3307 Susemihl,
956 3241 1041 3297 Arist
1061 3241 1143 3296 Polit.
1167 3260 1194 3311 p.
1219 3238 1329 3307 XLIII),

183 3320 344 3388 Schneider,
355 3316 497 3372 Callimll
508 3335 534 3386 p.
544 3324 587 3384 26,
598 3317 688 3387 Heitz,
698 3319 765 3374 verl.
772 3318 911 3375 Schriften
922 3320 1072 3376 dhristot.
1083 3340 1110 3391 p.
1121 3326 1162 3387 16,
1172 3319 1329 3388 Nietasohe,

183 3401 253 3455 Mus.
264 3401 351 3454 Rhen.
364 3398 453 3453 XXIV
466 3416 494 3467 p.
506 3404 571 3466 216,
585 3398 691 3466 Maass,
705 3399 798 3470 Biogr.
814 3419 841 3470 p.
851 3406 884 3454 81
901 3403 929 3455 et
940 3406 998 3457 119.
1013 3400 1117 3456 Verum
1132 3399 1203 3455 vidit
1215 3400 1329 3454 Wachs·

183 3481 277 3547 muth,
298 3479 391 3549 Symb.
407 3497 433 3548 p.
451 3483 509 3532 138.
529 3477 622 3533 Codex
636 3477 761 3549 Menagii
776 3479 824 3534 ubi
838 3479 940 3549 lateat,
955 3481 1113 3550 Ignoratur,
1129 3479 1177 3535 sed
1192 3483 1269 3534 extat
1283 3498 1329 3534 ea-

183 3560 247 3614 dem
269 3562 328 3614 vita
351 3560 379 3613 in
402 3558 495 3614 codice
517 3559 665 3615 chartaceo
685 3560 840 3629 Patmensi,
865 3578 947 3629 quem
969 3560 1117 3631 descripsit
1137 3559 1330 3625 Tischendorf,
1385 3556 1391 3562 ”

183 3640 273 3695 Wien.
289 3639 385 3695 Jahrb.
399 3644 449 3692 110
464 3638 549 3693 Anzb.
564 3656 591 3708 p.
604 3642 648 3709 17)
664 3643 693 3694 et
706 3639 748 3694 bis
763 3640 906 3710 descripta
920 3643 963 3696 est
979 3641 1007 3695 in
1022 3641 1082 3697 cod.
1097 3639 1281 3695 ambrosiano
1296 3640 1329 3694 u.

185 3728 234 3776 111
255 3738 314 3790 sup.
334 3736 407 3774 saec.
423 3718 472 3772 XV
491 3718 538 3785 (cf.
558 3719 632 3774 Rosa
651 3719 669 3773 l.
689 3737 712 3774 c.
732 3739 760 3790 p.
777 3726 809 3773 10
828 3722 858 3775 et
872 3726 936 3785 1093
956 3720 1116 3776 Aristotelis
1135 3721 1177 3776 ed.
1197 3719 1288 3774 Berol.
1305 3719 1329 3774 V

182 3820 210 3871 p.
223 3804 310 3870 1466).
330 3801 389 3855 Nec
403 3800 494 3869 magis
509 3801 586 3855 valet
600 3801 635 3855 de
649 3802 709 3856 vita
720 3799 880 3855 Aristotelis
895 3800 1045 3870 Marciana,
1059 3817 1144 3870 quam
1159 3800 1266 3855 exVen.
1278 3806 1330 3854 300

183 3881 248 3952 (leg.
263 3884 327 3949 161)
341 3880 431 3935 edidIt
445 3879 542 3935 Robbe
557 3881 656 3951 (bugd.
672 3881 734 3935 Bat.
747 3883 834 3949 1861).
855 3880 1009 3951 Utramque
1023 3881 1119 3949 vitam,
1133 3878 1328 3949 Menagianam

183 3965 213 4017 et
231 3960 401 4016 Marcianam
423 3958 451 4013 in
475 3959 630 4030 appendice
648 3980 675 4015 n.
696 3961 796 4016 IV-V
815 3962 953 4031 recensui,
976 3961 1148 4018 Marcionem
1171 3976 1234 4014 cum
1255 3958 1329 4015 notis

184 4039 280 4095 Ervini
296 4039 412 4095 Itohdei.
437 4040 567 4095 Fortasse
581 4040 668 4096 etiam
682 4058 715 4114 ex
730 4040 934 4114 Onomatologo
947 4042 1083 4098 nonnulla
1097 4041 1242 4108 fluxorunt,
1257 4055 1329 4108 quae

183 4122 212 4175 in
228 4120 375 4176 cod.Vind.
391 4118 493 4173 XLVII
507 4119 536 4174 in
547 4119 605 4174 Cat.
615 4121 697 4177 Vind.
706 4121 757 4176 VII
771 4141 798 4192 p.
811 4129 861 4178 189
876 4123 920 4191 (cf.
936 4123 1021 4178 etiam
1033 4121 1139 4188 ltohde,
1155 4121 1225 4174 Idus.
1239 4119 1328 4173 Rhen.

185 4201 300 4256 XXXIII
319 4220 345 4271 p.
363 4203 424 4269 169)
443 4200 477 4255 de
496 4199 658 4256 Ptolemaeo
679 4201 795 4258 Claudio
814 4203 919 4258 tradita
938 4206 1035 4258 extant
1053 4205 1127 4272 (app.
1147 4221 1174 4256 n.
1189 4200 1239 4269 ΙΙ),
1264 4217 1329 4268 quo·

184 4301 243 4335 rum
263 4284 371 4352 partem
391 4279 539 4335 ediderunt
556 4281 655 4350 Lanu,
674 4282 777 4338 Herod.
792 4282 805 4334 1
818 4301 845 4353 p.
861 4289 875 4338 7
896 4287 925 4339 et
943 4283 1056 4352 Nobbe,
1075 4281 1146 4337 Ptol.
1166 4300 1192 4351 p.
1208 4281 1328 4350 1111110-

183 4364 242 4415 tam
262 4361 336 4416 cnim
355 4360 558 4429 Hesychianam
579 4378 638 4416 esse
657 4367 753 4434 nego),
773 4380 836 4418 cnm
854 4363 975 4433 Oppiani
994 4365 1081 4419 vitam
1100 4367 1175 4434 (app.
1190 4381 1216 4416 n.
1231 4361 1281 4431 111)
1300 4360 1328 4414 in

166 4441 244 4496 'cod
265 4441 368 4495 MatrIt.
389 4441 439 4495 XX
459 4440 567 4509 (Iriurtc
585 4459 613 4512 p.
632 4445 679 4511 81)
699 4442 875 4499 Constantini
894 4444 1021 4500 Lascaris
1044 4444 1280 4513 manuscriptam
1300 4444 1329 4495 et

184 4538 217 4574 cx
243 4521 302 4576 vila
320 4520 488 4575 editionibus
508 4520 662 4590 praemissa
681 4524 839 4594 (Westcrm.
859 4543 886 4594 p.
906 4528 951 4592 66)
975 4526 1005 4579 et
1026 4541 1061 4578 ox
1084 4523 1186 4579 Suidae
1210 4522 1329 4577 articulo

1078 4613 1116 4668 b*
