3036 5114
246 303 267 363 4
712 304 925 361 HESYCIIIUS.

247 461 428 548 θαγορικὸς
451 458 500 531 ῶν
518 464 572 532 καὶ
592 465 749 552 ἐμψύχων
768 464 987 554 άπεχόμενος,
1006 464 1166 554 Ὀλύμπια
1182 464 1331 553 νικήσας,
1355 469 1390 534 ἐκ

246 573 435 655 λιβανωτοῦ
457 571 512 638 καλ
536 571 687 660 σμίρυης
708 573 763 640 καὶ
786 576 854 641 τῶν
880 578 1071 642 πολυτελῶν
1097 571 1283 662 ἀρωμάτων
1301 577 1388 659 βοῦν
1468 657 1473 666 ⁵

247 672 439 755 ἀναπλάσας
462 679 606 766 διένειμε
629 693 698 761 τοῖς
717 684 764 760 είς
785 679 848 767 τήν
871 682 1060 768 πανήγυριν
1079 677 1296 768 ἀπαντήσασι.
1332 680 1387 747 καὶ

131 832 149 855 ..
246 779 264 849 ὁ
289 789 371 863 Χίος
383 781 464 852 Ἴων
482 789 673 877 τραγῳδίαν
696 786 836 874 νικήσας
856 785 1040 875 Ἀθήνησιν
1059 789 1183 880 ἑκάστω
1202 791 1271 857 τῶν
1292 785 1389 874 Ἀθη-

219 895 352 959 ῡναίωυ
381 896 483 960 ἔδωκε
509 900 595 961 Χίον
621 893 790 982 κεράμιον.
839 894 894 962 καλ
926 891 943 962 ὁ
970 892 1225 982 Ἀκραγαντῖνος
1255 900 1390 974 Τελλίας

246 999 422 1085 φιλόξενος
451 995 500 1067 ῶν
529 1001 736 1070 καταλάσασί
763 1028 842 1070 ποτε
871 1006 1100 1084 πεντακοσίοις
1130 1005 1286 1071 ἱππεῦσιν
1319 999 1390 1091 ῶρα

245 1110 407 1193 χειμῶνος
430 1110 553 1175 ἔδωκεν
578 1108 702 1198 ἑκάστω
726 1113 850 1195 χιτῶνα
873 1110 928 1177 καὶ
952 1108 1093 1197 ίμάτιον.
1138 1106 1188 1177 ὅτι
1212 1108 1347 1196 Χάρμος
1370 1105 1389 1175 ὃ

246 1212 482 1300 Συρακούσιος
509 1218 557 1294 είς
584 1216 723 1284 ἕκαστον
746 1219 813 1285 τῶν
841 1218 878 1284 ἐν
901 1229 971 1295 τοῖς
999 1221 1146 1295 δείπνοις
1173 1216 1390 1303 παρατιθεμέ-

245 1346 316 1388 νων
344 1324 487 1408 στιχίδια
515 1322 570 1389 καλ
600 1327 780 1410 παροιμίας
807 1328 905 1410 ἔλεγε.
951 1324 1122 1410 Κλέαρχος
1147 1321 1186 1389 δὲ
1214 1319 1231 1389 ὁ
1260 1320 1389 1400 Σολεὺς

207 1444 232 1482 1⁰
247 1431 483 1515 δειπνολογίαν
505 1437 600 1498 καλεῖ
620 1429 657 1498 τὸ
682 1436 824 1518 ποίημα,
847 1429 943 1498 άλλοι
967 1426 1167 1516 ὀψολογίαν,
1196 1427 1390 1516 Χρύσιππος

136 1590 143 1607 ,.
244 1541 508 1622 γαστρονομίαν,
532 1534 627 1604 άλλοι
650 1534 871 1624 ἡδυπάθειαν.
908 1534 959 1605 ὅτι
983 1538 1019 1606 ἐν
1042 1541 1088 1628 τῶ
1108 1541 1281 1628 συμποσίῳ
1300 1535 1389 1602 Πλά-

244 1668 350 1723 τωνος
373 1639 564 1710 είκοσιοκτῶ
588 1634 676 1730 ἦσαν
699 1642 918 1731 δαιτυμόνες]

332 1752 388 1817 ΙΧ.
409 1746 683 1837 Ἀθηνόδωρος
707 1742 820 1834 [οὗτος
838 1741 881 1836 ἦν
899 1747 1298 1836 σιρατιῶτηςἈθηναῖος.
1320 1754 1390 1816 ἔστι

246 1857 356 1925 δὲκαὶ
375 1859 512 1943 ἕτερος,]
535 1856 687 1944 μαθητής
706 1863 893 1926 Διονυσίου
912 1861 972 1926 τοῦ
985 1854 1231 1944 Ἀρεοπαγίτου.
1267 1862 1390 1944 ἔγραψε

207 1963 461 2053 15δὲδιάφορα.
507 1964 577 2050 [καὶ
601 1966 711 2052 ἕτερος
736 1963 911 2052 σοφιστής,
942 1961 1086 2050 ἀδελφὸς
1110 1971 1141 2032 Γ
1138 1968 1299 2052 ρηγορίου
1328 1967 1390 2030 τοῦ

244 2075 530 2159 θαυματουργοῦ.]
1191 2069 1196 2080 ’

333 2181 371 2248 X.
403 2181 597 2267 Αίδέριος
620 2181 709 2246 ἐπῶν
731 2178 876 2265 ποιητής.
913 2170 1036 2266 ἔγραψε
1060 2177 1225 2273 διάφορα,
1246 2180 1299 2247 καλ
1321 2181 1388 2246 ἐπι-

244 2285 414 2373 θαλάμιον
439 2284 483 2352 δι’
510 2289 598 2354 ἐπῶν
622 2289 668 2366 είς
691 2291 894 2372 Σιμπλίκιον
916 2283 976 2353 τὸν
1000 2288 1089 2352 ίδιον
1113 2281 1273 2371 ἀδελφόν.

333 2395 389 2461 XI.
421 2391 628 2477 Αίλιανός,
651 2390 716 2460 άπὸ
738 2395 949 2476 Πραινεστοῦ
967 2395 1025 2478 τής
1041 2388 1194 2476 Ἰταλίας,
1219 2389 1390 2479 ἀρχιερεὺς

205 2515 231 2554 2⁰
244 2499 299 2565 καὶ
324 2497 484 2586 σοφιστής
503 2496 520 2567 δ
540 2504 743 2588 χρηματίσας
757 2498 943 2585 Κλαύδιος,
967 2494 1004 2578 ὃς
1024 2497 1190 2585 ἐπεκλήθη
1210 2505 1388 2593 μελίγλωσ·

245 2626 303 2691 σος
324 2603 345 2693 ή
365 2612 608 2695 μελίφθογγος,
631 2609 686 2675 καλ
705 2608 941 2693 ἐσοφίστευσεν
966 2607 1002 2673 ἐν
1016 2603 1124 2695 Ῥῶμη
1144 2602 1227 2696 αὐτή
1246 2606 1298 2673 ἐπὶ
1321 2610 1389 2674 τῶν

243 2712 324 2800 μετὰ
346 2711 524 2799 Ἀδριανὸν
547 2713 689 2801 χρόνων.

333 2824 406 2889 XII.
443 2826 614 2902 Αἰνείας.
658 2811 755 2900 οὗτος
787 2825 909 2907 ἔγραψε
939 2821 1014 2908 περὶ
1043 2825 1197 2908 πυρσῶν,
1230 2816 1276 2913 ῶς
1305 2838 1388 2906 φησι

245 2928 430 3023 Πολύβιος,
454 2929 508 2995 καλ
532 2928 606 3015 περὶ
630 2929 910 3014 στρατηγημάτων
933 2924 1122 3015 ὑπόμνημα.

205 3045 231 3086 ²⁶
334 3036 423 3102 XIII.
455 3044 620 3114 Αίνικος
640 3031 818 3120 Ἀθηναῖος
835 3033 994 3121 κωμικός,
1016 3040 1084 3102 ἔστι
1109 3033 1145 3102 δὲ
1168 3038 1227 3125 τής
1249 3032 1388 3128 άρχαίας

316 3250 354 3304 IX
378 3250 465 3306 vitam
488 3266 541 3304 om.
568 3249 704 3304 Westerm.
737 3249 812 3302 λίνα.
832 3266 857 3316 p.
878 3254 921 3317 87,
944 3265 1015 3317 quas
1038 3248 1077 3302 sio
1095 3247 1210 3303 desinit:
1234 3237 1267 3303 εῦ
1291 3241 1388 3316 γιγνῶ-

245 3350 319 3386 σκων
343 3327 410 3394 τοῦς
433 3327 597 3401 ῥητορικοὺς
621 3332 668 3399 (an
686 3325 857 3397 κριτικοῦςλ)
880 3330 936 3383 τῶν
958 3326 1049 3397 λόγων
1067 3328 1115 3382 καλ
1138 3323 1306 3397 πολυμαθὴς
1325 3325 1388 3394 περὶ

245 3410 279 3466 τά
299 3407 433 3480 ὅητορικῦ
452 3411 553 3481 μέτρα,
572 3411 607 3467 δε
625 3410 725 3480 quibus
743 3426 769 3463 v.
789 3409 898 3465 Unters.
917 3427 943 3479 p.
963 3414 1009 3476 433
1029 3407 1146 3464 fortasse
1165 3425 1199 3462 ex
1214 3406 1307 3463 fratris
1321 3407 1387 3461 Gre-

246 3492 318 3559 gorii
337 3487 363 3563 (ὁ
379 3492 427 3546 καλ
441 3486 600 3559 Θεόδωρος)
619 3489 679 3544 τῖλε,
697 3487 838 3558 descripta
855 3491 937 3559 putat
950 3489 1035 3543 Dasb
1082 3494 1114 3543 13
1135 3488 1212 3552 Quse
1226 3487 1335 3556 seclusi,
1355 3502 1387 3539 ατ

245 3573 410 3642 Harpocrat.
429 3589 455 3625 v.
468 3565 558 3638 Ἀθην.
574 3568 723 3638 adscripsit
737 3567 849 3638 suidas,
871 3571 995 3625 extrema
1008 3568 1067 3638 ipse
1082 3568 1162 3622 finxit
1175 3584 1229 3622 om.
1244 3566 1388 3637 sophistae
1419 3604 1431 3631 ,

245 3650 338 3721 patris
356 3647 456 3718 Λευίτας
481 3649 599 3705 eundem
622 3648 777 3719 sophistam
800 3648 947 3718 descripsit
966 3648 1125 3704 Philostrats
1144 3647 1202 3702 vit.
1221 3648 1258 3715 ΙΙ,
1281 3652 1313 3700 14

247 3737 280 3785 14
296 3727 497 3798 Ἀρεοπαγίτου
517 3733 539 3781 Δ

317 3810 341 3863 Χ
363 3818 394 3866 18
414 3810 453 3865 Cf.
473 3830 498 3865 v.
514 3811 691 3879 Σιμπλίκιος,
710 3810 759 3865 ubi
777 3811 862 3866 verba
875 3804 1028 3866 extrema&
1048 3805 1203 3879 φιλόσοφος
1221 3807 1322 3862 iniuria
1344 3824 1389 3860 ex·

245 3891 345 3960 punxit
363 3891 542 3962 Bernhardy,
561 3890 690 3945 Psnolbii
708 3892 854 3959 aequalem
873 3891 959 3946 fuisse
977 3891 1060 3945 docet
1077 3908 1104 3944 v.
1123 3884 1282 3959 Πααόλβιος

318 3973 354 4026 XI
375 3972 415 4027 Cf.
435 3971 596 4028 Philostrat.
618 3972 673 4027 Vis.
693 3973 731 4040 II,
751 3979 766 4024 3
838 3978 870 4026 19
888 3967 904 4025 ὁ
924 3966 1022 4026 άπῦΕ
1093 3975 1128 4022 20
1147 3968 1317 4039 χρηματίσας
1334 3984 1387 4022 om.

245 4048 304 4106 δΔ
358 4053 489 4123 Κλαυδίῳ
509 4056 642 4105 nvn!

318 4132 368 4186 XII
387 4132 501 4187 Tractat
518 4132 597 4200 Ηος,
617 4132 725 4188 Aeneas
743 4150 768 4188 v.
790 4132 971 4202 Stymphalos
993 4129 1104 4199 (Ziim'eh
1126 4130 1205 4196 1871)
1284 4132 1318 4180 24
1337 4126 1388 4179 Po·

252 4210 307 4280 lyb.
328 4212 352 4265 X
370 4229 393 4267 c.
412 4219 429 4266 4
447 4213 512 4279 περὶ
531 4213 720 4281 στρατηγικῶν
739 4228 808 4267 corr.
828 4212 965 4266 Καείακο

317 4291 380 4346 XIII
400 4293 475 4347 Eud.
495 4310 522 4362 p.
544 4298 607 4358 1183
626 4293 661 4347 ds
680 4310 713 4348 eo
732 4292 766 4347 τί.
786 4290 914 4347 Meineke
933 4291 945 4344 I
964 4309 990 4359 p.
1010 4296 1061 4345 249
1081 4306 1136 4357 seq.
1228 4286 1268 4341 cf.
1287 4285 1387 4340 Athen.

246 4373 310 4428 XlII
330 4392 356 4443 p.
376 4378 426 4427 567
446 4375 542 4427 ε1ῠ68
615 4379 649 4426 25
669 4370 790 4434 Εῦνικος
809 4373 946 4427 Καελατιιε
965 4370 1026 4427 soll.
1047 4370 1151 4425 Polluc.
1169 4368 1203 4434 Χ,
1222 4385 1243 4420 ο.
1263 4373 1297 4420 ‘24
1318 4363 1387 4420 Εῦν.

247 4450 279 4508 ἓν
295 4451 397 4508 Ἀντεία
