3036 5114
230 303 273 368 80
693 304 906 360 HESYCHIUS.

228 491 295 552 μου
312 465 366 533 καλ
390 469 559 553 Ταρραίου
578 467 615 533 ἐν
633 471 777 552 βιβλίοις
795 468 841 552 γ’,
860 465 1067 560 μετάφρασιν
1082 463 1284 557 Ἑλληνικῶς
1302 469 1374 547 τῶν

208 671 211 676 ¹
230 575 386 659 ἱστοριῶν
406 578 620 641 Σαλουστίου
638 577 698 641 τοῦ
708 570 894 661 Ῥωμαϊκοῦ
913 577 1084 660 ἱστορικοῦ
1102 574 1240 643 καὶτῶν
1253 581 1375 641 καλου-

229 681 341 766 μένων
369 676 474 748 αὐτοῦ
497 681 648 767 Βέλλων,
682 679 902 767 γενεθλιακόν
931 686 978 762 είς
1003 678 1181 767 Ἀδριανόν
1205 686 1374 769 Καίσαρα,
1397 769 1402 779 .

228 786 287 854 καλ
309 784 401 854 άλλα.

203 921 216 960 s
319 895 458 964 CCOIII.
486 894 712 982 Ζηνόδοτος
722 895 885 984 Ἐφέσιος,
900 893 1056 975 ἐποποιὸς
1069 895 1125 962 καλ
1138 892 1376 983 γραμματικός,

229 1003 381 1099 μαθητής
407 1007 468 1098 τοι]
495 1008 636 1097 Φιλητᾷ,
666 1003 718 1070 ε’πλ
741 1008 954 1090 Πτολεμαίου
976 1001 1123 1090 γεγονῶς
1145 1005 1206 1071 τοῦ
1229 999 1375 1090 πρῶτον,
1399 988 1453 1017 ‘¹²⁸'

230 1107 267 1189 ὃς
294 1109 349 1177 καλ
378 1114 507 1200 πρῶτος
533 1114 600 1177 τῶν
623 1107 768 1198 Ὁμήρου
797 1109 985 1198 διορθωτής
1008 1112 1137 1196 ἐγένετο
1165 1109 1312 1176 καὶτῶν
1337 1109 1375 1174 ἐν

227 1214 458 1308 Ἀλεξανδρείᾳ
485 1221 716 1304 βιβλιοθηκῶν
739 1217 887 1306 προόστη
915 1218 971 1285 καὶ
1000 1216 1079 1297 τοὺς
1105 1220 1227 1295 παῖδας
1250 1220 1375 1282 Πτολε-

213 1304 333 1411 μαίου
356 1326 561 1393 ἐπαίδευσεν.

191 1459 217 1498 ιο
321 1433 459 1501 ccclv.
504 1434 730 1519 Ζηνόδοτος
756 1428 990 1519 Ἀλεξανδρεὺς
1020 1429 1260 1519 γραμματικός,
1289 1426 1313 1525 ό
1326 1431 1378 1527 ἐν

231 1536 323 1627 όιστει
355 1545 499 1630 κληθείς.
550 1536 633 1633 πρὸς
664 1538 704 1607 τά
737 1535 794 1606 ὑπ’
824 1536 1040 1626 Ἀριστάρχου
1071 1536 1284 1625 άθετοόμενα
1314 1541 1375 1605 τοῦ

230 1648 370 1731 ποιητοῦ
391 1651 557 1732 [ἐγραψε],
576 1643 659 1733 πρὸς
678 1644 844 1713 Πλάτωνα
862 1647 937 1732 περὶ
955 1649 1057 1734 θεῶν,
1076 1646 1150 1733 περὶ
1169 1650 1227 1734 τῆς
1245 1642 1376 1732 Ὁμηρι-

230 1755 291 1838 κής
314 1758 508 1839 συνηθείας,
532 1740 643 1851 λύσεις
656 1752 843 1841 Ὁμηρικῶν
862 1751 1097 1842 άπορημάτων,
1120 1758 1167 1833 είς
1185 1751 1247 1839 τὴν
1261 1749 1375 1819 Ἡσιό-

233 1864 296 1928 δου
319 1865 502 1947 θεογονίαν
525 1861 580 1927 καὶ
604 1843 688 1928 άλλα
712 1859 830 1947 συχνά.

193 1998 218 2038 ιε
322 1969 441 2036 OCOV.
471 1967 612 2055 Ζήνων
639 1967 889 2054 Τελευταγόρου
909 1965 1071 2055 Ἐλεάτης,
1095 1967 1283 2055 φιλόσοφος
1307 1969 1376 2036 τῶν
1402 2051 1406 2065 Ι

232 2078 429 2163 ἐγγιζόντων
462 2075 654 2166 Πυθαγόρᾳ
683 2076 738 2143 καὶ
772 2080 972 2167 Δημοκρίτῳ
1004 2076 1086 2144 κατὰ
1119 2076 1198 2157 τοὺς
1230 2075 1377 2165 χρόνους

232 2176 291 2272 (ἦν
318 2180 383 2272 γάρ
413 2181 464 2249 ἐπὶ
493 2186 550 2268 τῆς
579 2183 632 2268 οη’
662 2180 901 2270 ὀλυμπιάδος),
929 2183 1082 2271 μαθητής
1109 2185 1327 2271 Ξενοφάνους
1354 2178 1375 2269 ἢ
1414 2168 1421 2177 ’

232 2293 459 2376 Παρμενίδου.
506 2294 651 2375 ἔγραψεν
681 2293 808 2377 ἐριδας,
837 2288 993 2376 ἐξήγησιν
1016 2295 1084 2358 τῶν
1104 2287 1375 2379 Ἐμπεδοκλέους,

231 2396 316 2484 πρὸς
338 2393 416 2475 τοὺς
438 2388 648 2484 φιλοσόφους
666 2397 739 2484 περὶ
764 2396 904 2483 φύσεως.
952 2397 1088 2481 [τοῦτόν
1106 2417 1211 2486 φασιν
1236 2394 1376 2485 εὑρετήν

233 2627 372 2701 ἕλληνιστί
388 2631 463 2687 Eud.
483 2631 595 2686 Βιλλεε.
624 2631 665 2685 De
683 2630 738 2684 hac
756 2628 928 2699 metaphrasi
947 2629 981 2684 ei.
998 2629 1118 2700 Teuffel,
1137 2631 1191 2688 Lis
1206 2631 1238 2685 R.
1254 2635 1270 2696 λ
1284 2635 1345 2700 205,
1362 2636 1377 2686 7

232 2720 248 2768 9
269 2714 356 2787 βελῶν
375 2713 440 2766 libri
462 2711 567 2784 βὲλλων
586 2728 655 2766 corr.
671 2713 758 2765 Aaou.
778 2712 854 2783 apud
869 2711 947 2766 Voss.
967 2712 1031 2768 hist.
1052 2712 1148 2767 Graec.
1169 2731 1196 2782 p.
1215 2709 1379 2779 262West.,

232 2795 359 2850 laudavit
372 2795 517 2849 Res’nesiua
536 2797 565 2848 et
583 2793 681 2859 Πανί),
701 2790 779 2847 Stud.
798 2811 825 2862 p.
845 2799 878 2846 47

304 2874 409 2930 000111
428 2875 503 2927 Eud.
519 2893 545 2942 p.
561 2877 620 2925 322.
651 2870 690 2925 Cf.
706 2871 801 2937 Daub,
821 2870 899 2925 Stud.
920 2891 944 2942 p.
960 2878 995 2925 80
1005 2890 1060 2940 seq.
1120 2880 1136 2928 6
1157 2873 1276 2940 Φιλητοῦ
1293 2871 1379 2939 Eua,

233 2973 304 3026 quaa
323 2958 416 3025 pergit
434 2953 540 3022 ἔγραψε
560 2952 624 3020 περλ
644 2948 872 3007 αόθνποτάιτων
895 2953 943 3005 καλ
966 2948 1171 3007 άνυποτάκτων
1188 2954 1238 3007 rel.
1257 2954 1379 3018 omissis,

233 3055 304 3106 quae
328 3036 432 3105 scripta
454 3035 526 3088 inter
547 3032 696 3086 subditieia
719 3032 870 3087 Herodiani
893 3031 1040 3087 redeuntia
1062 3031 1172 3102 (Lenta,
1196 3032 1379 3090 Herodianl

232 3138 259 3188 p.
279 3117 340 3185 XV)
363 3113 519 3170 temeritati
542 3113 654 3169 lectoris
678 3114 795 3167 alieuius
819 3114 913 3167 deberi
936 3115 1019 3181 putat
1039 3113 1137 3181 Daut,
1161 3114 1274 3168 aliunde
1298 3116 1379 3172 illata

233 3215 293 3253 esse
310 3198 398 3251 Ραλοίι
413 3214 438 3264 p.
454 3200 487 3248 89
545 3201 595 3250 ant
612 3195 746 3263 δευτέρου
766 3213 834 3250 corr.
853 3193 964 3248 videtur
983 3196 1032 3247 aut
1050 3191 1199 3262 γεγονότος
1217 3196 1378 3265 legendum,

233 3279 281 3333 sed
297 3278 330 3332 ci.
346 3274 457 3341 aohde,
476 3275 546 3330 Mus.
563 3278 649 3330 Ithen.
666 3275 780 3329 XXXIII
795 3296 822 3345 p.
839 3283 898 3342 173,
918 3274 966 3345 qui
980 3275 1020 3328 nil
1040 3275 1234 3344 corrigendum
1253 3294 1311 3332 esse
1331 3281 1380 3332 do-

234 3349 369 3414 cuit‘coll.
379 3376 404 3414 v.
418 3357 537 3423 Φιλητᾶς
548 3357 641 3424 Κώος;
652 3352 823 3424 coinquirere
834 3357 969 3411 οραίίιιιλ.
1008 3362 1022 3409 7
1033 3355 1089 3408 τῶν
1099 3354 1204 3409 delevit
1212 3356 1381 3429 Bernhardy

305 3438 409 3493 ccclv
429 3439 504 3493 Eud.
524 3458 550 3508 p.
570 3445 629 3494 322.
668 3437 708 3492 cf.
728 3441 830 3495 Zonar.
850 3459 876 3510 p.
896 3447 947 3493 959
1027 3447 1058 3493 12
1079 3439 1185 3510 ἔγραψε
1205 3441 1380 3509 transposuit

232 3525 346 3589 Βελίαν,
365 3523 430 3576 ante
451 3519 556 3588 ἔγραφε
577 3520 750 3591 interpunxit
763 3529 793 3587 Δ,
813 3516 844 3583 ὃς
862 3523 926 3590 post
939 3522 1055 3588 κληθείς
1069 3519 1133 3575 add.
1148 3521 1243 3587 Πανί),
1264 3521 1380 3575 verbum

233 3605 339 3658 removi
396 3610 427 3656 13
446 3597 653 3671 ότιορρημάτων
672 3607 694 3653 Δ
712 3603 787 3658 Euri.
845 3609 876 3655 11
894 3596 965 3654 ἄλλα
984 3598 1071 3654 πολλά
1090 3602 1162 3670 vulp.
1178 3601 1252 3656 Ειιιλ.
1286 3598 1377 3672 συχνά

234 3687 309 3735 ABV
328 3701 391 3734 τινα
409 3685 430 3732 E

305 3760 397 3816 CCCV
415 3761 490 3814 Ειαλ.
506 3779 532 3829 p.
548 3768 608 3817 323.
632 3762 724 3817 Schol.
740 3761 847 3815 Platon.
863 3762 900 3814 VI
914 3779 941 3831 p.
957 3768 1008 3816 979
1022 3763 1116 3817 Herm.
1131 3763 1205 3830 qnod
1220 3761 1378 3820 describere

234 3844 316 3899 libet:
342 3838 439 3910 Ζήνων
458 3838 472 3895 ὁ
490 3837 631 3910 Ἐλεάτης,
652 3843 833 3911 Παρμενίδου
852 3839 996 3911 μαθητής,
1016 3839 1136 3911 φυσικός
1155 3840 1311 3913 φιλόσοφος
1329 3847 1379 3900 καλ

234 3921 376 3985 πολιτικός
394 3919 430 3985 ὡς
449 3917 575 3991 άληθῶς·
596 3919 641 3976 διὸ
661 3923 709 3976 καλ
728 3918 797 3991 πρὸς
816 3920 955 3989 Περικλέα
974 3921 1184 3991 παραβάλλεται
1198 3927 1381 3995 φαινομένας

137 4052 141 4057 .
192 4012 194 4016 ’
235 4002 303 4060 ὄντα
322 4000 464 4057 πολιτικόν
479 4003 523 4071 (de
539 4003 644 4057 Pericle
659 4003 693 4057 ef.
706 4021 728 4057 v.
741 3999 896 4070 Μέλισσος).
919 3999 1021 4056 τούτου
1037 3999 1214 4071 Πυθόδωρος
1228 4000 1379 4077 ἀκροατής,

235 4079 266 4148 ὃς
285 4083 335 4138 καλ
354 4080 384 4137 ἐν
399 4084 564 4152 Παρμενίδη)
584 4079 692 4152 μνήμης
706 4076 821 4149 ήξίωται
841 4078 878 4143 ὡς
895 4077 1055 4150 Ἀντιφῶντι
1074 4083 1122 4150 τῆς
1141 4086 1292 4147 συνουσίας
1309 4082 1380 4141 ἐκεί-

235 4190 285 4240 νης
299 4162 447 4240 μεταδούς,
462 4161 530 4231 παρ’
542 4157 575 4218 οὗ
589 4162 719 4232 Κέφαλος
734 4158 748 4215 ὁ
764 4161 952 4231 Κλαζομένιος
966 4157 1069 4230 μαθὼν
1083 4158 1254 4227 διδάσκαλος
1270 4164 1381 4236 γέγονε,

236 4252 327 4321 quode
342 4249 376 4305 ολ.
391 4247 530 4300 Mettauer
544 4261 570 4313 p.
586 4250 632 4309 59,
652 4241 700 4310 qui
715 4242 749 4296 de
763 4243 903 4311 Hesychio
919 4241 1060 4295 dubitavit
1129 4248 1161 4296 17
1181 4242 1231 4298 σθ’
1248 4262 1282 4300 ex
1297 4247 1380 4317 Πίος.

236 4333 283 4402 IX,
296 4339 329 4386 99
349 4327 544 4398 corrigendum
559 4340 618 4378 esse
632 4340 683 4392 prs
697 4322 742 4391 ιη’
763 4323 871 4378 censuit
880 4324 1036 4388 Βάτωνα
1051 4325 1116 4391 post
1131 4340 1191 4376 eum
1208 4326 1295 4395 Πίτλε,
1309 4328 1381 4385 Μαι.

236 4414 324 4468 Rhen.
339 4411 427 4465 XXXI
442 4428 468 4479 p.
484 4412 530 4461 36:
547 4405 580 4459 cf.
596 4403 703 4472 Rohde,
717 4405 753 4458 ib.
764 4403 881 4457 XXXIII
896 4423 922 4473 p.
939 4408 989 4456 205
1004 4406 1061 4456 not.
1112 4409 1144 4457 18
1160 4402 1201 4458 ef.
1212 4406 1382 4481 Stallbam,

236 4496 345 4567 Proleg.
360 4496 390 4549 in
404 4495 493 4548 Parm.
509 4508 535 4561 p.
550 4493 585 4542 28
641 4491 673 4539 19
693 4502 750 4554 seq.
771 4486 806 4538 ab
824 4483 965 4554 Hesychio
980 4480 1072 4536 aliena
1085 4498 1144 4539 esse
1159 4486 1285 4557 suspIeor
