3036 5114
603 342 816 399 HESYCHIUS.
993 426 996 432 Ι
1218 344 1281 408 149
1396 360 1399 365 ·

32 546 94 587 >m
138 500 535 595 γροτιυς-Ἀριστοφάνους
552 507 613 571 τοῦ
632 508 788 591 κωμικοῦ.
817 508 884 573 τών
904 505 1083 593 δραμάτων
1102 504 1206 573 αὐτοῦ
1226 506 1281 572 καὶ

137 613 253 677 ταῦτα·
270 608 450 691 Ἐξ”Αιδου
465 609 583 708 άνιών,
595 608 791 700 Ἀφροδίτης
805 618 914 699 γοναί,
931 612 1109 701 Πανδώρα,
1120 610 1282 700 Ἐγχειρο-

137 715 311 806 γάστορες,
336 723 507 807 Σειρῆνες.
1128 714 1133 728 ’

225 826 353 893 DLXV.
382 824 609 913 Νικοχάρης
629 830 823 895 Φιλωνίδου
843 831 904 895 τοῦ
922 831 1082 914 κωμικοῦ,
1103 825 1281 915 Ἀθηναῖος

25 966 87 999 τι..
136 930 296 1026 κωμικός,
331 932 517 1025 σόγγρονος
540 931 810 1030 Ἀριστοφάνους.
859 936 928 1000 τῶν
963 933 1141 1020 δραμάτων
1175 933 1308 1004 αότοῦο

135 1036 325 1127 Ἀμυμώνη,
345 1042 474 1125 Πέλοψ,
493 1040 667 1125 Γαλάτεια,
681 1037 845 1126 Ἡρακλῆς
863 1044 991 1126 γαμῶν,
1005 1036 1169 1128 Ἡρακλῆς
1184 1068 1281 1129 χορη-

137 1145 212 1232 γός,
235 1143 377 1234 Κρῆτες,
403 1146 574 1232 Λάκωνες,
600 1145 759 1234 Λήμνιαι,
786 1149 985 1234 Κένταυροι,
1010 1148 1280 1237 Χειρογάστορες.

227 1257 370 1323 DLXVI.
390 1260 442 1339 [N
445 1254 464 1322 ό
469 1281 564 1334 ννος
574 1260 809 1341 Πανοπολίτης
822 1257 856 1335 ἐξ
870 1254 1055 1342 Αίγόπτου,
1070 1255 1281 1342 λογιώτατος,

140 1358 158 1429 ό
183 1363 237 1429 καλ
260 1360 321 1430 τόν
344 1364 517 1450 παρθένον
538 1357 702 1447 Ἰωάννην
725 1360 947 1456 παραφράσας
970 1359 1014 1428 δι’
1041 1363 1152 1446 ἐπών]

226 1472 388 1538 DLXVII.
417 1468 652 1557 Νουμήνιος
668 1465 829 1556 Ἀπαμεύς
848 1467 911 1537 άπδ
933 1474 1071 1556 Συρίας,
1095 1468 1282 1556 φιλόσοφος
1297 1496 1321 1536 ιο

138 1576 382 1665 Πυθαγόρειος.
429 1568 543 1661 [οὗτός
571 1578 661 1644 ἐστιν
693 1572 711 1642 ό
735 1573 799 1662 τὴν
821 1579 882 1644 τοῦ
905 1574 1090 1655 Πλάτωνος
1113 1577 1281 1662 ἐξελέγξας

137 1683 294 1751 διάνοιαν
328 1681 372 1763 ὡς
402 1685 437 1752 ἐκ
464 1687 533 1751 τών
560 1686 757 1751 Μωσαλκῶν
783 1681 824 1751 τὰ
853 1683 929 1770 περὶ
956 1687 1043 1751 θεοῦ
1070 1683 1125 1751 καὶ
1152 1683 1282 1771 κόσμου

136 1792 297 1889 γενέσεως
324 1788 594 1878 άποσνλήσασαν.
638 1791 694 1858 καὶ
725 1789 781 1858 διὰ
809 1790 908 1858 τοῦτό
938 1811 1021 1878 φησι
1050 1791 1100 1859 (τί
1124 1791 1188 1877 γάρ
1213 1794 1281 1860 ἐστι
1313 1873 1318 1906 ἱ

138 1896 284 1966 Πλάτων
308 1897 328 1985 ἣ
352 1903 481 1993 Μωσῆς
503 1896 721 1996 άττικίζωνί]

223 2006 403 2074 DLXVIII.
438 2004 717 2092 Νουμήνιος
740 2004 859 2092 ῥήτωρ.
894 2004 970 2092 περὶ
992 2008 1061 2073 τών
1084 2009 1142 2092 τῆς
1164 2007 1281 2088 λέξεως
1296 2033 1320 2072 ιι

135 2110 327 2199 σχημάτων,
364 2109 543 2204 ὑποδέσεις
580 2115 648 2179 τών
685 2116 898 2179 Θουκυδίδου
935 2111 990 2179 καὶ
1024 2114 1281 2200 Δημοσθένους,

35 2228 39 2235 ”
134 2222 255 2304 χρειῶν
278 2219 495 2306 συναγωγήν,
517 2215 682 2310 Ἀδριανῷ
705 2216 984 2305 παραμυθητικὸν
1008 2223 1057 2298 είς
1077 2216 1257 2288 Ἀντίνοον.

221 2327 368 2395 DLXIX.
404 2325 566 2414 Νύμφις
590 2324 800 2412 [Νάμφιδος]
823 2323 1035 2412 Ξεναγόρον,
1054 2323 1282 2414 Ἡρακλεώτης

135 2434 170 2500 ἐκ
193 2431 348 2520 Πόντου,
377 2430 551 2519 ἱστορικός.
596 2431 671 2518 περὶ
692 2424 912 2520 Ἀλεξάνδρου
939 2433 1086 2501 καὶτῶν
1110 2434 1280 2521 διαδόχων

132 2539 188 2606 καλ
212 2536 378 2625 ἐπιγόνων
401 2545 514 2626 βιβλία
537 2537 605 2623 κδ’,
628 2538 702 2626 περὶ
716 2535 910 2626 Ἡρακλείας
932 2544 1045 2625 βιβλία
1070 2540 1116 2626 ιγ’
1137 2543 1218 2628 (ἔχει
1242 2542 1278 2610 δὲ
1293 2570 1319 2609 ιο

132 2647 226 2733 μέχρι
245 2649 303 2732 τῇς
320 2647 547 2735 καθαιρέσεως
565 2648 632 2714 τών
652 2644 831 2730 τυράννων
851 2644 891 2714 τὰ
911 2645 991 2733 μετὰ
1009 2644 1088 2726 τοὺς
1102 2647 1279 2734 ἐπιγόνους

133 2754 189 2820 καὶ
212 2755 307 2841 μέχρι
330 2758 391 2822 τοῦ
413 2759 528 2841 τρίτου
551 2753 787 2843 Πτολεμαίου).

221 2863 350 2929 DLXX.
380 2859 539 2942 Ξάνθος
560 2859 776 2946 Κανδαόλου,
801 2858 914 2941 Λυδός
940 2862 976 2928 ἐκ
995 2860 1169 2951 Σάρδεων,
1194 2863 1279 2929 ἱστο-

137 3074 206 3112 corr.
221 3057 359 3113 Καείανε
377 3052 535 3126 Νικόφρων
553 3057 625 3125 υκίς.
701 3057 782 3112 Ικαλ
801 3073 857 3126 τοο.
875 3076 949 3128 susp.
1022 3053 1279 3128 κΧειρογάστορες

134 3154 203 3192 corr.
223 3138 361 3194 Κααιναο

203 3218 303 3273 1)va
321 3219 397 3274 Eud.
417 3237 444 3288 p.
460 3224 520 3274 513.
552 3219 668 3274 Tractat
686 3216 815 3273 Meineke
834 3219 847 3272 I
865 3238 892 3289 p.
905 3225 959 3275 253
970 3238 1026 3291 seq.
1086 3220 1276 3288 4101]an-

131 3298 184 3352 κοῦ
205 3301 270 3368 post
285 3294 333 3367 Ἄρ.
353 3299 454 3357 add.v

203 3377 317 3433 DLXVI
336 3379 462 3435 Accessit
475 3396 509 3435 ex
522 3380 599 3436 Eud.
613 3399 640 3451 p.
650 3386 712 3452 514,
726 3399 780 3437 om.
796 3381 898 3437 Suidae
912 3381 977 3436 libri
990 3387 1049 3451 AV,
1063 3380 1167 3451 legitur
1181 3383 1277 3435 tamen

131 3457 162 3512 in
179 3458 229 3512 rel.
244 3458 323 3514 libris
337 3461 366 3514 et
380 3463 448 3517 vett.
462 3460 523 3516 edd.
538 3462 614 3529 (Ala.
627 3461 703 3518 Ρωλ.
714 3463 825 3517 Κναιν.
836 3463 989 3531 Gaisford.)
1005 3479 1026 3516 s.
1040 3462 1085 3518 fin.
1101 3462 1138 3531 gl.
1156 3459 1277 3531 Νόνναι,

131 3540 216 3593 antea
234 3538 338 3594 additis
356 3541 448 3595 verbis
467 3539 560 3597 ἰστέον
579 3540 610 3597 δὲ
631 3538 669 3605 ὥς
683 3541 748 3597 ἔστι.
777 3542 883 3598 Eadem
898 3543 958 3597 vita
977 3544 1054 3597 extat
1072 3542 1157 3597 etiam
1171 3540 1201 3595 in
1215 3540 1276 3595 οοδ.

131 3620 216 3676 Anth.
231 3620 303 3677 Pal.:
323 3622 356 3676 τί.
378 3623 475 3677 Ιοοοὶιε
489 3622 527 3677 VI
544 3642 572 3693 p.
587 3623 671 3679 LXV.
699 3625 774 3679 Num
793 3622 928 3692 Hesychii
946 3623 995 3691 sit,
1014 3622 1142 3689 dubium,
1161 3639 1223 3677 cum
1243 3637 1277 3675 ea

131 3700 222 3755 forma
239 3702 275 3755 ab
294 3700 343 3757 illo
358 3717 413 3754 non
428 3702 561 3772 scriptam
576 3720 637 3759 οιιο
650 3708 749 3772 pateat
803 3711 818 3759 9
837 3700 970 3773 Ἰωάννην
980 3703 1056 3758 Eud.
1070 3699 1210 3771 θεολόγον
1226 3701 1276 3757 rel.

201 3780 330 3835 DLXVII
349 3798 403 3836 om.
423 3782 557 3838 Woeterm.
576 3783 651 3840 Eud.
671 3803 697 3854 p.
713 3790 765 3840 ⁶08
839 3789 873 3838 10
892 3779 1048 3852 φιλόσοφος
1066 3785 1143 3838 ssva.
1160 3813 1192 3822 -
1208 3781 1275 3836 exit.

130 3860 278 3931 descn'psit
298 3862 544 3933 Ροταδο-Ηιεγοίι.
563 3881 586 3918 ο.
601 3871 644 3920 4τ.
682 3864 831 3919 Αδδίδίιιο
850 3863 920 3917 haec
939 3861 1056 3916 Suidam
1074 3879 1108 3916 ex
1127 3863 1213 3918 clem.
1228 3863 1274 3917 AI.

131 3939 232 3996 strom.
251 3940 265 3993 1
283 3959 309 4009 p.
325 3947 376 3995 251
397 3940 442 3996 vel
456 3941 556 3999 Euseb.
576 3961 670 4014 praep.
690 3962 732 3999 ev.
751 3943 789 3998 IX
808 3961 831 3999 ο.
851 3949 876 4011 6,
893 3948 925 3998 17
944 3941 1002 3996 dixi
1020 3942 1090 3998 Mus.
1109 3943 1198 3998 Rbeu,
1218 3943 1236 3997 1.
1252 3959 1274 3997 ο,

200 4019 342 4074 DLXVIII
359 4020 434 4076 Eud.
450 4040 477 4091 p.
492 4027 542 4075 511
601 4028 633 4078 15
649 4021 755 4093 ἔγραψε
770 4023 834 4092 περὶ
848 4024 919 4092 ακλγ.
934 4023 1010 4078 Eud.
1032 4019 1138 4091 ἔγραψε
1155 4040 1210 4079 om.
1224 4028 1275 4076 Η

201 4098 314 4153 DLXIX
333 4099 409 4155 Eud.
428 4119 455 4170 p.
475 4106 535 4157 510.
572 4102 613 4158 Cf.
632 4104 733 4159 Mfiller
751 4103 789 4157 ΙΠ
807 4123 833 4174 p.
852 4110 882 4158 12
957 4110 990 4160 18
1010 4099 1163 4174 Νόμφιδος
1179 4103 1274 4174 inepte

130 4180 193 4234 add.
213 4178 278 4233 libri
292 4195 346 4234 om.
357 4180 433 4239 Eud.
462 4180 502 4238 cf.
517 4199 543 4236 v.
561 4176 689 4252 Ἀραρώς,
706 4183 862 4252 Δέξιππος,
876 4178 980 4252 Ἴστρος
1040 4190 1072 4239 19
1088 4183 1193 4253 ἔγραψε
1210 4185 1275 4254 περὶ

130 4261 206 4317 Eud.
277 4267 309 4316 21
330 4257 364 4316 τὰ
383 4259 455 4316 κατὰ
466 4258 541 4325 τοός
555 4263 681 4334 Olinton,
699 4265 763 4322 fast.
783 4267 862 4337 111p.
878 4271 921 4333 21,
941 4265 1017 4331 cuius
1031 4266 1190 4335 improbata
1209 4281 1274 4318 con-

129 4341 237 4396 iectura
255 4341 304 4394 καλ
322 4336 356 4395 τά
372 4339 441 4411 μετὰ
460 4343 549 4398 altero
568 4343 617 4397 καλ
636 4350 772 4415 expuncto
791 4345 914 4402 tentavit
934 4347 1039 4402 Μιλίίτν
1110 4351 1144 4398 22
1164 4363 1273 4413 τριπτο·

131 4423 248 4493 λεμαίου
268 4427 291 4474 Δ

200 4502 300 4557 DLXX
317 4503 562 4559 TractantMssller
572 4505 583 4557 I
594 4524 619 4575 p.
629 4506 688 4573 XX,
698 4507 805 4576 Rohde,
820 4509 889 4563 Mus.
900 4507 987 4562 Rhen.
997 4505 1115 4562 XXXIII
1124 4512 1210 4576 p.206
1217 4524 1273 4576 seq.
