3036 5114
258 301 320 364 128
717 302 929 359 HESYCHIUS.

255 459 507 546 περιπατητικὸς
525 461 580 528 καὶ
600 460 770 548 σοφιστής,
790 461 941 550 μαθητὴς
960 462 967 553 Ι
987 463 1170 544 Πλάτωνος
1187 459 1208 550 ἢ
1224 461 1268 543 ὥς
1287 490 1375 545 τινες
1391 465 1398 556 Ι
1417 491 1476 533 rue.

232 564 508 652 ·’Λριστοτέλους.
553 574 675 654 ἔγραψε
703 568 743 636 τὰ
771 568 851 637 κατὰ
878 576 1045 638 Φίλιππον
1072 571 1127 638 καί
1150 569 1188 639 τὸ
1211 571 1399 653 Βυζάντιον

253 680 396 761 βιβλίοις
411 674 450 756 ζ’,
466 674 473 765 Ι
492 677 752 759 Τενθραντικόν,
767 676 841 764 περὶ
853 683 1004 762 Βησαίου
1019 676 1042 767 Ι,
1056 675 1116 745 τὸν
1132 676 1224 765 ἱερὸν
1239 674 1398 765 πόλεμον,

255 782 343 873 [περὶ
367 780 529 868 στάσεων]
559 781 565 871 Ι
590 781 629 850 τὰ
654 779 725 850 κατ’
760 779 987 870 Ἁλέξανδρον.
1014 783 1021 874 Ι
1047 775 1161 869 [οὗτος
1189 778 1232 871 ἦν
1264 784 1399 874 σφόδρα

196 898 200 909 '
228 887 375 976 σπαχύς,
406 889 460 956 καὶ
484 888 690 976 πρεσβεύσας
712 887 795 976 πρὸς
815 888 1015 976 ’Λθηναίους
1037 892 1164 976 γέλωτα
1188 893 1319 979 ἐκίνησε
1341 893 1397 960 καὶ

254 999 313 1083 τῆς
336 1002 511 1085 πρεσβείας
533 995 724 1082 ἐκράτησεν,
748 997 861 1083 ἐπειδὴ
884 1003 971 1066 πίων
994 1001 1149 1085 ἐφαίνετο
1172 999 1227 1066 καὶ
1246 998 1398 1086 περιττὸς

254 1100 317 1188 τὴν
349 1105 500 1189 γαστέρα.
550 1104 730 1190 ταραχθεὶς
764 1103 801 1171 δὲ
834 1101 935 1172 οὐδὲν
968 1102 1035 1172 ἀπὸ
1067 1107 1128 1173 τοῦ
1161 1107 1302 1192 γέλωτος
1333 1108 1397 1174 ‘vi'

255 1215 319 1296 έφη
344 1202 387 1278 ’ὦ
408 1206 598 1295 Ἀθηναῖοι,
629 1215 759 1296 γελᾶτε;
787 1205 808 1297 ἢ
837 1208 889 1278 ὅτι
914 1208 1018 1297 παχὺς
1046 1209 1110 1342 ἐγρδ
1137 1213 1192 1279 καὶ
1219 1216 1394 1293 τοσοῦτος;

254 1322 322 1384 ἔστι
359 1343 440 1402 μοι
433 1317 499 1383 καὶ
526 1315 613 1403 γυνὴ
642 1321 753 1408 πολλῷ
781 1319 963 1405 παχυτέρα,
994 1317 1092 1386 uai‘
1079 1323 1307 1407 ομονοοῦυτας
1333 1319 1396 1407 μὲν

215 1445 241 1484 10
256 1449 341 1510 ημας
368 1437 470 1511 χωρεῖ
497 1421 517 1509 ἡ
546 1429 667 1511 κλίνη,
689 1426 954 1511 διαφερομένους
977 1425 1013 1493 δὲ
1038 1423 1157 1512 οὐδδὴ
1181 1429 1295 1495 οίκίαῖ
1339 1428 1396 1494 καὶ

254 1535 300 1610 εςί
334 1534 371 1598 ἓν
399 1522 549 1617 ἦλθεν’
536 1558 554 1598 ο
582 1533 649 1598 τῶν
674 1528 865 1618 ’Λθηναίων
894 1536 998 1618 δῆμος
1028 1530 1254 1620 ἆρμοσθεδς
1238 1532 1303 1601 υπὸ
1335 1537 1397 1601 τοῦ

255 1638 400 1716 Λέοντος
427 1643 540 1724 σοφῶς
567 1637 858 1725 ἐπισχεδιοίσαντος
885 1643 930 1730 τῷ
958 1644 1072 1731 καιρῷ.
1124 1630 1222 1720 οὗτος
1250 1636 1267 1707 ὁ
1298 1640 1395 1707 Λέων

253 1744 526 1832 ἄποκρουόμενος
551 1742 611 1813 τὸν
638 1751 804 1813 Φίλιππον
835 1742 899 1814 ἀπὸ
929 1751 989 1814 τοῦ
1013 1753 1200 1828 Βυζαντίου
1229 1745 1393 1834 διεβλήθη

252 1851 342 1940 παρὰ
364 1858 531 1920 Φιλίππου
554 1850 637 1941 πρὸς
658 1850 737 1932 τοὺς
760 1858 965 1934 Βυζαντίους
988 1851 1033 1920 δι’
1060 1854 1233 1940 ἐπιστολῆς
1256 1826 1396 1941 ἐχούσης

215 1980 240 2021 1⁵
255 1958 361 2040 οὕτως
379 1962 422 2027 ἐί
438 1963 583 2029 τοσαῦτα
602 1958 751 2048 χρήματα
766 1974 924 2048 παρεῖχον
940 1961 1072 2047 Λέοντι,
1093 1957 1201 2028 ὁπόσα
1219 1987 1259 2048 με
1273 1958 1394 2049 ᾑτείτο,

253 2070 289 2136 έκ
324 2069 456 2156 πραότης
487 2063 530 2135 ἂν
562 2072 683 2155 ἔλαβον
716 2065 753 2136 τὸ
788 2068 999 2150 Βυζάντιον’.
1054 2072 1157 2135 ταῦτα
1190 2065 1397 2148 ἀκούσαντος

251 2181 312 2245 τοῦ
336 2176 447 2265 δήμου
469 2175 524 2242 καὶ
546 2176 784 2254 έπισυστάντος
801 2178 840 2264 τῇ
861 2179 949 2264 οἰκίη
968 2178 1029 2242 τοῦ
1050 2176 1206 2261 Λέοντος,
1230 2177 1396 2262 φοβηθείς

252 2283 296 2372 μή
334 2307 403 2363 πως
439 2281 656 2361 λιθόλευστος
691 2279 768 2365 παρ’
808 2278 921 2379 αὐτῶν
958 2282 1108 2367 γένηται,
1151 2280 1272 2350 ἑαυτὸν
1309 2274 1396 2371 ἦγξε,

252 2391 358 2478 μηδὲν
381 2386 445 2457 ιἰπὸ
470 2392 528 2474 τῆς
551 2392 673 2474 σοφίας
694 2388 751 2455 καὶ
775 2392 842 2456 τῶν
866 2387 978 2473 λόγων
1000 2387 1163 2475 κερδάνας
1177 2386 1205 2474 ,ὁ
1227 2393 1395 2475 δείλαιος]

212 2518 239 2556 2⁰
343 2497 596 2566 COOCLXXXI.
632 2497 742 2564 Λέων
759 2492 979 2582 ’Λλαβανδεδς
997 2495 1117 2583 ῥητωρ.
1148 2500 1272 2582 ἔγραφε
1292 2503 1395 2580 Καρι-

252 2609 321 2673 κῶν
343 2610 457 2691 βιβλία
488 2602 532 2689 δ’,
564 2602 715 2670 Λνκιακὰ
746 2605 783 2670 έν
810 2608 955 2689 βιβλίοις
984 2600 1031 2688 β’,
1053 2604 1189 2698 τέχνην,
1219 2603 1294 2691 περὶ
1318 2603 1395 2673 στοί-

253 2733 355 2795 σεων,
375 2709 382 2802 Ι
401 2710 462 2778 τὸν
486 2708 579 2795 ίερδν
603 2709 750 2797 πόλεμον
778 2711 922 2777 Φωκέων
945 2708 1000 2775 καί
1024 2712 1184 2777 Βοιωτῶν
1204 2708 1225 2801 Ι.
1263 2727 1269 2739 “
1413 2715 1418 2727 “
1479 2720 1482 2727 ’

341 2818 607 2885 CCCCLXXXH.
644 2821 827 2896 Λεωνᾶς
851 2814 1026 2902 σοφιστής,
1047 2814 1203 2903 Ἴσανρος
1225 2815 1263 2885 τὸ
1287 2818 1397 2902 γένος,

252 2925 441 3013 εὐδοκιμῶν
474 2927 511 2993 ἐν
546 2928 590 3014 τῷ
624 2923 745 3009 πλήθει
779 2927 847 2991 τῶν
873 2925 909 2990 έν
936 2920 1164 3013 Ἀλεξανδρεία
1193 2921 1396 3011 ὁμοτέχνων,

325 3175 448 3233 Lverba
469 3171 672 3236 Πλάτωνος-
697 3166 734 3235 ὥς
757 3190 830 3233 τινες
854 3171 889 3225 αδ
913 3172 1032 3227 alierum
1057 3172 1234 3242 Byzantium,
1256 3172 1397 3226 rhetorem

252 3257 395 3321 videlieet,
415 3254 558 3311 referende
572 3269 631 3307 esse
647 3252 717 3307 vidit
731 3251 833 3304 Μιϊίίεν
910 3260 925 3306 3
946 3255 1061 3326 βιβλίοις
1075 3250 1100 3318 ζ’
1117 3271 1170 3308 om.
1185 3259 1208 3305 V
1264 3257 1396 3322 Τευθρα-

252 3333 332 3392 νικὸν
350 3337 422 3406 vulp.
443 3336 518 3390 Eud.
537 3327 760 3399 Ὑευθραντικόν
778 3334 825 3382 ΑΒ
851 3330 1046 3400 Τεθραντικόν
1067 3337 1087 3384 Β
1109 3330 1324 3401 Τεθραυντικόν
1342 3336 1398 3389 duo

272 3419 340 3471 Par.
360 3419 483 3486 Βησαιόν
501 3420 551 3468 AV
571 3409 698 3482 Βηοάλου
717 3412 789 3479 vulp.
809 3411 885 3465 Emi.
945 3409 1111 3483 Βηρισάδου
1130 3414 1201 3468 coni.
1220 3413 1397 3485 Bernhardy,

252 3499 381 3553 laudatus
398 3498 519 3551 Μαλλίων
590 3502 607 3548 4
626 3492 690 3585 περὶ
709 3488 833 3547 στάσεων
852 3494 948 3560 aperte
967 3512 1000 3547 ex
1024 3494 1139 3548 alterins
1157 3493 1257 3549 Leonis
1276 3494 1398 3550 Alaban-

252 3577 345 3632 densis
369 3577 428 3630 viba
450 3576 594 3643 iteratum,
623 3575 667 3628 cui
691 3571 776 3626 etiam
802 3574 921 3639 Τευθρ,
944 3591 1004 3639 περ
1031 3579 1109 3642 Βησ,
1136 3570 1169 3627 τὰ
1194 3594 1254 3628 κατ.
1277 3568 1324 3628 ἀλλ.
1348 3573 1397 3627 iri·

252 3658 363 3711 buenda
381 3656 522 3726 perspexit
541 3618 714 3718 θκίειίιυιίιί,
737 3669 789 3707 nec
811 3651 901 3704 minus
925 3651 960 3703 ed
981 3651 1130 3707 Alexandri
1153 3671 1197 3707 ree
1220 3656 1314 3723 gestas
1334 3670 1383 3723 epe

252 3740 327 3790 ctare
346 3735 466 3805 Heeyeh
486 3755 511 3789 v.
527 3736 644 3802 Βαιᾶγις
666 3738 732 3802 (non
751 3733 787 3787 ad
802 3732 900 3787 Carica
916 3732 1131 3801 Alabandensis)
1186 3753 1315 3794 ουτος-
1333 3733 1391 3788 exii

253 3834 306 3872 om
326 3816 416 3882 Eue,
440 3833 511 3884 quae
535 3834 568 3869 ex
590 3813 841 3883 Philost1.vit.t,l
861 3816 926 3868 λεί
945 3814 1045 3869 Athen.
1065 3813 1163 3882 Xiip
1183 3819 1235 3867 550
1254 3811 1397 3883 descripta

252 3912 313 3950 eene
332 3896 391 3949 dixi
409 3895 480 3949 Μιιε
498 3895 586 3949 Rhen.
602 3894 619 3947 l.
636 3912 658 3948 c.

324 3974 402 4029 000(
404 3975 525 4029 LXXXI
543 3973 618 4028 Eud.
638 3992 664 4043 p.
682 3980 741 4030 461.
776 3974 816 4028 Cf.
835 3977 973 4031 Mulieri
993 3995 1016 4031 c
1088 3981 1123 4028 20
1150 3970 1309 4041 ἔγραψε-
1331 3975 1397 4029 exit.

252 4057 280 4110 in
299 4055 425 4125 proximo
441 4053 489 4108 Su
491 4054 543 4109 διιο
562 4055 680 4110 eiiieulo
699 4058 764 4124 poet
782 4051 876 4109 αὐτῶν
896 4056 1044 4111 exhibeiv
1100 4048 1186 4108 21έν
1170 4055 1275 4127 ν.βιβλ
1293 4050 1387 4125 βὀιῃ

252 4143 274 4188 V
347 4143 379 4190 22
400 4137 500 4190 librum
521 4135 554 4189 de
575 4153 653 4189 sacro
671 4135 747 4188 bello
768 4136 892 4203 Byzantii
911 4155 971 4192 esse
991 4136 1062 4191 vidit
1051 4135 1188 4189 iMic'lier
1262 4099 1397 4205 Θηβαίων

252 4234 302 4288 pro
323 4222 458 4271 Βοιωτ.Ε

324 4294 537 4354 ccchfflll
556 4295 631 4351 Eud.
652 4314 677 4365 p.
697 4302 764 4363 462,
788 4314 859 4365 quae
879 4302 954 4353 recte
973 4316 1027 4352 om.
1052 4290 1083 4357 ὃς
1103 4291 1221 4364 Πρόκλῳ
1243 4326 1274 4334 -
1295 4295 1360 4352 exii.
1380 4313 1398 4350 a

253 4379 338 4433 Suida
357 4397 389 4433 ex
408 4377 508 4430 Marini
528 4376 588 4430 vita
601 4375 689 4430 Proel.
706 4396 727 4432 e.
744 4384 759 4432 8
775 4377 924 4447 descripta.
945 4374 1172 4433 Cf.M¹1s.Rl1en.
1189 4375 1206 4427 l.
1222 4393 1244 4429 c.
1271 4375 1398 4430 Fortasse

251 4463 312 4514 ioia
331 4460 390 4514 vita
408 4457 530 4542 Suidiina
549 4459 591 4510 eet
663 4465 696 4512 24
716 4459 840 4527 δοκιμῶν
859 4463 880 4508 V
