3036 5114
622 340 837 398 HESYCHIUS.
1258 334 1300 401 99

157 508 206 586 είς
237 506 456 593 Ξενοφῶντα,
488 508 536 584 είς
567 499 776 590 Ἰσοκράτην,
811 505 859 583 είς
887 501 1131 590 Δημοσθένην,
1171 502 1300 588 ῥητορι-

158 613 218 694 κάς
239 611 416 692 ὑποθέσεις
437 613 493 679 καὶ
518 610 681 699 ζητήματα
703 613 779 700 περὶ
799 609 984 692 συντάξεως
1007 608 1112 695 λόγου
1135 610 1190 677 καί
1218 607 1303 677 άλλα
1336 624 1370 662 ἐῐι

158 727 305 789 πλείονα.
1245 730 1250 736 ’

247 829 442 898 GOOLXIX.
483 828 604 895 Θέων
633 823 651 894 ὁ
681 822 863 914 Οὐαλέριος
890 824 1110 914 χρηματίσας,
1134 821 1303 910 σοφιστής.
1347 900 1388 935 ,Γ

158 932 339 1023 ὑπόμνημα
363 939 411 1014 είς
431 931 637 1020 Ἀνδοκίδην.
1317 951 1331 993 5
1384 922 1402 933 ”

248 1044 425 1112 ccchxx.
460 1043 569 1111 Θέων
592 1045 789 1127 Γυμνασίου
812 1044 873 1108 τοῦ
896 1041 1060 1125 σοφιστοῦ
1082 1052 1169 1123 παῖς,
1195 1036 1305 1105 Σιδό-

160 1176 234 1230 νιος
251 1149 423 1237 σοφιστής,
441 1150 537 1237 <καὶ>
552 1147 616 1216 άπδ
633 1146 770 1217 ὑπάτων
784 1148 840 1215 καὶ
854 1145 1012 1234 ὕπαρχος,
1027 1145 1209 1225 παιδεύσας
1223 1144 1305 1212 κατὰ

98 1304 114 1329 ‹.
161 1255 223 1344 τὴν
248 1262 407 1344 πατρίδα,
430 1255 612 1345 γενόμενος
631 1255 667 1323 δέ
692 1257 744 1324 ε’πί
767 1259 827 1324 τοῦ
850 1257 1012 1341 βασιλέως
1032 1236 1304 1322 Κωνσταντίνουῖ

251 1364 448 1434 ΟΟΟΙιΧΧΙ.
485 1364 592 1431 Θέων
617 1362 778 1449 σοφιστὴς
799 1361 911 1447 λόγων
934 1363 1131 1450 ῥητορικῶν,
1157 1358 1304 1446 γεγονώς
1351 1346 1370 1384 ’·

161 1467 226 1539 άπὸ
249 1475 308 1558 τῆς
330 1475 421 1559 ίεράς
444 1472 643 1559 Μαρκέλλης
665 1469 704 1538 τό
727 1496 764 1557 χε
786 1468 965 1555 ἀνέκαθεν,
988 1466 1026 1536 τὸ
1047 1467 1083 1535 δέ
1102 1469 1135 1548 έξ
1152 1465 1306 1552 ὑπογύου
1321 1490 1346 1530 ιο
1385 1506 1393 1527 ·.
1417 1510 1422 1515 -

162 1579 331 1664 πατρόθεν
357 1575 423 1648 άπὸ
445 1575 627 1662 Ἐκδικίου,
659 1576 865 1645 διδασκάλου
888 1577 942 1644 καὶ
966 1574 1089 1644 τούτου
1111 1575 1227 1660 τέχνης
1250 1576 1306 1660 ῥη-
1340 1616 1375 1655 ,ς

161 1688 306 1770 τορικῆς.
344 1677 404 1771 [ἦν
424 1684 461 1752 δὲ
480 1675 614 1765 οὖτοςδ
639 1685 733 1752 Θέων
757 1682 798 1753 οὐ
821 1683 910 1771 μάλα
932 1680 1092 1771 άχχίνους
1116 1680 1195 1750 οὐδὲ
1219 1678 1307 1767 όξάς,

163 1790 355 1878 φιλομαθὴς
383 1792 420 1861 δέ
446 1793 503 1859 καὶ
528 1790 713 1879 φιλόπονος
736 1796 783 1872 είς
805 1788 1005 1877 ὑπερβολήν.
1051 1789 1154 1858 ταῦτά
1177 1817 1229 1857 τοι
1253 1787 1308 1855 καὶ

166 1897 313 1984 ἐγεγόνει
330 1901 623 1987 πολυμαθέστατος
637 1899 674 1966 έν
690 1894 791 1988 ὀλίγῳ
806 1897 928 1989 χρόνῳ,
948 1897 1076 1984 πολλὴν
1090 1896 1151 1984 μὲν
1166 1893 1309 1983 ἀρχαίαν

164 2008 329 2093 ἱστορίαν,
353 2005 482 2093 πολλὴν
505 2005 541 2074 δὲ
565 2008 647 2075 νέαν
669 2003 973 2093 περιβαλλόμενος]
1323 2026 1347 2066 1⁶

253 2112 464 2181 CCCLXXH.
508 2114 776 2200 Θηραμένης
801 2108 979 2198 Ἀθηναίος
1002 2110 1128 2199 ῥήτωρ,
1158 2108 1310 2197 μαθητὴς

166 2222 341 2306 Προδίκου
371 2224 432 2288 τοῦ
460 2226 583 2305 Κείου,
616 2215 654 2298 ὃς
682 2223 868 2288 ἐπεκαλεῖτο
897 2218 1086 2313 Κόθορνος.
1137 2216 1310 2307 <άνηρέθη

166 2326 205 2394 δὲ
226 2326 520 2414 κατηγορήσαντος
541 2324 647 2395 αὐτοῦ
671 2333 812 2415 Κριτίου
836 2326 887 2395 ἐπὶ
910 2330 979 2394 τῶν
1000 2330 1051 2413 λ).
1097 2329 1232 2415 μελέτας
1254 2328 1311 2415 ῥη-

167 2432 300 2523 τορικὰς
322 2434 377 2501 καὶ
400 2433 484 2502 άλλα
507 2433 591 2501 τινά.
1271 2442 1288 2458 ’

254 2542 481 2610 cochxxlll.
531 2541 763 2628 Θηραμένης
800 2548 900 2621 Κεῖος
941 2541 1111 2641 σοφιστής.
1165 2544 1311 2629 μελετῶν
1324 2565 1351 2604 ιο

167 2654 281 2736 βιβλία
299 2647 345 2734 χ’,
368 2648 442 2732 περὶ
466 2648 655 2736 δμοιοόσεοις
677 2646 796 2734 λόγου,
820 2650 895 2735 περὶ
919 2648 1075 2735 είκόνοιν,
1103 2648 1177 2735 η’τοι
1206 2674 1309 2736 παρα-

166 2758 294 2842 βολῶν,
317 2756 393 2844 περὶ
411 2754 597 2843 σχημάτων.

237 2977 390 3032 CCCLXIX
412 2977 487 3034 Eud.
506 2978 525 3034 l.
545 2996 582 3044 o,
606 2993 677 3047 quse
696 2977 796 3047 incipit
819 2979 867 3033 καί
892 2978 987 3049 ἕτερος
1004 2997 1068 3048 ooo.
1089 2995 1207 3050 pergens
1227 2978 1309 3049 φέρε·

167 3079 213 3113 ται
232 3054 321 3113 αότοῦ
389 3065 405 3112 3
424 3063 539 3113 πλεῖστα
554 3058 639 3113 Βακδ
711 3065 729 3112 4
747 3057 884 3127 Χαλέριος
903 3064 924 3113 V

237 3137 379 3193 CCCLXX
402 3139 477 3194 Eud.
501 3140 519 3194 l.
540 3157 576 3211 o,
600 3157 672 3209 quae
694 3139 795 3210 incipit
819 3138 876 3194 έστι
900 3140 948 3195 καί
970 3136 1054 3203 ἄλλος
1077 3142 1155 3208 Σιδ,
1179 3135 1313 3208 σοφιστὴς

166 3220 215 3276 καλ
233 3217 333 3289 αότός,
358 3224 445 3290 Γυμν.
464 3240 487 3274 τ.
507 3237 531 3274 σ.
550 3227 630 3288 παίς,
653 3222 731 3277 παιδ.
753 3216 826 3274 κατὰ
850 3217 902 3290 τὴν
925 3223 1047 3288 πατρίδα
1067 3224 1172 3275 Kornos.
1197 3220 1312 3288 reliquis

167 3300 276 3357 omissis
331 3307 347 3356 5
366 3301 418 3356 Th.
433 3301 513 3356 Aelio
529 3301 608 3356 dedit
624 3303 702 3357 Giese
756 3306 772 3356 ’ί
786 3305 851 3371 post
864 3299 998 3371 σοφιστής
1012 3301 1116 3357 inserui
1131 3300 1225 3367 verba,
1240 3316 1312 3367 quae

167 3401 189 3438 s.
207 3383 252 3437 fin.
272 3381 339 3437 libri
357 3381 502 3452 exhibent,
523 3400 629 3439 morem
648 3382 854 3452 Eesychianum
874 3384 997 3449 secutus,
1022 3381 1070 3435 καὶ
1088 3381 1189 3436 merito
1209 3396 1311 3450 expun-

167 3481 236 3533 gens
255 3464 300 3532 (cf.
320 3481 345 3518 v.
368 3466 486 3535 Τριβων.
507 3461 625 3533 Σέργιος
644 3463 692 3532 ολ.)
764 3468 780 3516 8
800 3457 856 3516 ὑπὸ
876 3463 926 3516 τοῦ
946 3466 1046 3514 Am

239 3542 393 3599 ccchxxl
412 3543 487 3598 Eud.
502 3545 520 3598 l.
535 3561 558 3601 α.
614 3550 630 3598 9
649 3542 698 3597 καὶ
716 3539 798 3605 ἄλλος
815 3548 871 3612 λοχ.
892 3541 951 3612 όητ.
971 3561 1034 3611 ooo).
1054 3541 1130 3596 Euo.
1191 3548 1225 3595 10
1244 3537 1311 3596 ὑπο-

168 3623 333 3693 χείουυκίρ.
349 3623 424 3678 Euo.
441 3620 619 3693 Alyorrrovv
675 3628 706 3676 11
723 3618 864 3677 Ῥαδικίου
879 3624 953 3678 Eud.
991 3622 1039 3676 καί
1055 3619 1155 3676 τούτου
1170 3653 1203 3661 -
1219 3620 1311 3692 βητορ.

170 3721 223 3757 om.
244 3703 319 3760 Euo.
343 3721 462 3774 pergens
481 3703 587 3775 ἔγραψε
606 3705 707 3774 τέχνην
727 3702 800 3775 (Sos,
822 3698 883 3773 άρχ.
903 3700 986 3772 ίστορ.
1006 3702 1055 3759 καὶ
1073 3700 1143 3758 άλλα
1163 3701 1241 3773 τινά,
1264 3704 1313 3758 καὶ

170 3778 251 3847 οὗτος
272 3787 345 3855 only.
366 3806 390 3840 κ.
415 3783 514 3841 τούτου
533 3790 642 3841 Am.
680 3786 756 3851 Quae
780 3786 880 3840 seclusi
902 3786 966 3841 odd.
990 3784 1089 3840 Suidos
1113 3803 1147 3840 ex
1165 3786 1313 3840 Damasoio

172 3865 253 3922 Phor.
272 3884 299 3935 p.
319 3872 371 3920 εον

241 3943 408 4000 ccchxxn
429 3947 504 4001 Εκιί.
524 3965 550 4016 p.
565 3953 617 4003 373
692 3953 723 4001 18
743 3945 860 4017 μελέτας
878 3964 895 4000 a
913 3946 1067 4002 iunioribus
1085 3946 1216 4016 sophistis
1235 3947 1313 4001 hohas

170 4029 265 4080 oenset
284 4025 426 4080 Ιίκίιιιλκιι.
452 4028 515 4082 hist.
536 4044 574 4082 or.
594 4027 639 4083 Gr.
658 4044 685 4097 p.
704 4027 773 4083 XLI.
811 4028 904 4083 Verba
926 4024 1056 4098 ἀνῃρέθη
1080 4026 1111 4081 δὲ
1136 4045 1191 4096 seq.
1217 4045 1250 4082 ox
1273 4027 1313 4081 in·

170 4109 303 4175 sequente
325 4106 421 4177 glossa
442 4107 559 4175 inserui,
583 4123 654 4175 quae
678 4107 781 4177 legitur
803 4108 889 4162 otiam
908 4108 989 4162 Phot.
1013 4109 1067 4162 lex.
1090 4126 1116 4162 v.
1137 4106 1312 4177 Θηραμένης.

172 4178 252 4250 οὗτος
270 4183 401 4258 άνηρέθη
415 4189 486 4258 plur.
498 4187 577 4244 codd.
625 4195 657 4241 19
673 4185 735 4243 τινά
752 4207 805 4245 om.
816 4189 891 4244 Εαά.
907 4189 1002 4244 Vitam
1017 4205 1104 4257 usque
1119 4189 1154 4242 od
1170 4185 1313 4257 κόθορνος

170 4269 286 4338 praebet
304 4269 388 4323 ehiom
408 4270 495 4325 schol.
515 4269 628 4323 Lucion.
649 4273 740 4325 Amor.
762 4276 795 4326 50

242 4347 423 4404 CCCLXXIII
444 4350 518 4406 Eud.
538 4369 564 4420 p.
578 4358 630 4406 374
645 4354 757 4407 constat
770 4368 825 4405 non
840 4351 874 4405 ds
889 4351 996 4406 duobus
1012 4350 1169 4405 rhetoribus
1189 4347 1244 4417 agi.
1264 4349 1312 4402 sod

170 4432 204 4486 de
224 4448 279 4486 uno
351 4437 386 4485 20
404 4435 488 4494 Κεῖος
507 4434 543 4487 ab
563 4433 757 4502 Aristophanis
778 4432 854 4487 dicho
877 4432 1033 4501 profectum
1053 4431 1131 4499 (Han.
1152 4431 1313 4497 ors—980)

171 4511 277 4583 ἔγραψε
298 4512 361 4567 odo
380 4512 456 4567 Eud.

1065 4599 1100 4652 ιχ*
