<?xml version="1.0" encoding="UTF-8"?>
<!DOCTYPE html PUBLIC "-//W3C//DTD XHTML 1.0 Transitional//EN"
    "http://www.w3.org/TR/xhtml1/DTD/xhtml1-transitional.dtd">
<html xmlns="http://www.w3.org/1999/xhtml" xml:lang="en" lang="en">
 <head>
  <title>
</title>
<meta http-equiv="Content-Type" content="text/html;charset=utf-8" />
  <meta name='ocr-system' content='tesseract 3.04.00' />
  <meta name='ocr-capabilities' content='ocr_page ocr_carea ocr_par ocr_line ocrx_word'/>
</head>
<body>
  <div class='ocr_page' id='page_1' title='image "./hesychiimilesii01flacgoog_0261.png"; bbox 0 0 3036 5114; ppageno 0'>
   <div class='ocr_carea' id='block_1_1' title="bbox 239 312 915 378">
    <p class='ocr_par' dir='ltr' id='par_1_1' title="bbox 239 312 915 378">
     <span class='ocr_line' id='line_1_1' title="bbox 239 312 915 378; baseline -0.007 -2"><span class='ocrx_word' id='word_1_1' title='bbox 239 312 302 378; x_wconf 87' lang='lat'><strong><em>180</em></strong></span> <span class='ocrx_word' id='word_1_2' title='bbox 428 320 430 324; x_wconf 50' lang='lat'><strong>⁴</strong></span> <span class='ocrx_word' id='word_1_3' title='bbox 700 315 915 373; x_wconf 85' lang='lat' dir='ltr'><strong>HESYCHIUS.</strong></span> 
     </span>
    </p>
   </div>
   <div class='ocr_carea' id='block_1_2' title="bbox 127 474 1458 2496">
    <p class='ocr_par' dir='ltr' id='par_1_2' title="bbox 127 474 1458 2496">
     <span class='ocr_line' id='line_1_2' title="bbox 238 474 1393 567; baseline 0.003 -25"><span class='ocrx_word' id='word_1_4' title='bbox 238 481 454 562; x_wconf 81' lang='grc' dir='ltr'><strong><em>Δημοκρίτου</em></strong></span> <span class='ocrx_word' id='word_1_5' title='bbox 480 482 541 545; x_wconf 84' lang='grc' dir='ltr'><strong><em>τοῦ</em></strong></span> <span class='ocrx_word' id='word_1_6' title='bbox 565 475 763 567; x_wconf 77' lang='grc' dir='ltr'><em>Ἀβδηρίτου</em></span> <span class='ocrx_word' id='word_1_7' title='bbox 790 480 845 546; x_wconf 81' lang='grc' dir='ltr'><strong><em>καὶ</em></strong></span> <span class='ocrx_word' id='word_1_8' title='bbox 873 483 1035 565; x_wconf 88' lang='grc' dir='ltr'><strong><em>Γοργίου,</em></strong></span> <span class='ocrx_word' id='word_1_9' title='bbox 1063 474 1215 564; x_wconf 80' lang='grc' dir='ltr'><strong><em>μαθητὴς</em></strong></span> <span class='ocrx_word' id='word_1_10' title='bbox 1242 484 1393 566; x_wconf 86' lang='grc' dir='ltr'><strong><em>Πρωτα·</em></strong></span> 
     </span>
     <span class='ocr_line' id='line_1_3' title="bbox 235 581 1393 673; baseline 0.003 -22"><span class='ocrx_word' id='word_1_11' title='bbox 235 582 342 669; x_wconf 90' lang='grc' dir='ltr'><strong><em>γόρον</em></strong></span> <span class='ocrx_word' id='word_1_12' title='bbox 364 589 426 652; x_wconf 85' lang='grc' dir='ltr'><strong><em>τοῦ</em></strong></span> <span class='ocrx_word' id='word_1_13' title='bbox 447 581 653 671; x_wconf 76' lang='grc' dir='ltr'><strong><em>Ἀβδηρίτου.</em></strong></span> <span class='ocrx_word' id='word_1_14' title='bbox 699 588 735 655; x_wconf 82' lang='grc' dir='ltr'><strong><em>ἐν</em></strong></span> <span class='ocrx_word' id='word_1_15' title='bbox 756 585 915 673; x_wconf 78' lang='grc' dir='ltr'><strong><em>Ἀθήναις</em></strong></span> <span class='ocrx_word' id='word_1_16' title='bbox 936 584 1080 654; x_wconf 76' lang='grc' dir='ltr'><strong><em>κώνειον</em></strong></span> <span class='ocrx_word' id='word_1_17' title='bbox 1102 583 1189 653; x_wconf 80' lang='grc' dir='ltr'><strong><em>τινών</em></strong></span> <span class='ocrx_word' id='word_1_18' title='bbox 1212 581 1393 654; x_wconf 72' lang='grc' dir='ltr'><strong><em>ἀπέθανεν</em></strong></span> 
     </span>
     <span class='ocr_line' id='line_1_4' title="bbox 237 686 1393 781; baseline 0.004 -25"><span class='ocrx_word' id='word_1_19' title='bbox 237 686 281 769; x_wconf 85' lang='grc' dir='ltr'><strong><em>ώς</em></strong></span> <span class='ocrx_word' id='word_1_20' title='bbox 301 695 512 779; x_wconf 76' lang='grc' dir='ltr'><strong><em>διαφθείρων</em></strong></span> <span class='ocrx_word' id='word_1_21' title='bbox 530 691 608 772; x_wconf 81' lang='grc' dir='ltr'><strong><em>τοὺς</em></strong></span> <span class='ocrx_word' id='word_1_22' title='bbox 626 695 734 773; x_wconf 88' lang='grc' dir='ltr'><strong><em>νέους.</em></strong></span> <span class='ocrx_word' id='word_1_23' title='bbox 771 696 905 781; x_wconf 88' lang='grc' dir='ltr'><strong><em>φέρεται</em></strong></span> <span class='ocrx_word' id='word_1_24' title='bbox 925 692 1035 760; x_wconf 78' lang='grc' dir='ltr'><strong><em>δὲκαὶ</em></strong></span> <span class='ocrx_word' id='word_1_25' title='bbox 1057 697 1190 778; x_wconf 81' lang='grc' dir='ltr'><strong><em>βιβλίον</em></strong></span> <span class='ocrx_word' id='word_1_26' title='bbox 1208 696 1393 779; x_wconf 76' lang='grc' dir='ltr'><strong><em>Προδίκου</em></strong></span> 
     </span>
     <span class='ocr_line' id='line_1_5' title="bbox 200 792 1392 892; baseline 0.003 -28"><span class='ocrx_word' id='word_1_27' title='bbox 200 840 204 873; x_wconf 69' lang='grc'><strong><em>,</em></strong></span> <span class='ocrx_word' id='word_1_28' title='bbox 236 798 507 887; x_wconf 76' lang='grc' dir='ltr'><strong><em>ἐπιγραφόμενον</em></strong></span> <span class='ocrx_word' id='word_1_29' title='bbox 526 792 642 887; x_wconf 73' lang='grc' dir='ltr'><strong><em>Ὧραι,</em></strong></span> <span class='ocrx_word' id='word_1_30' title='bbox 666 804 703 869; x_wconf 80' lang='grc' dir='ltr'><strong><em>ἐν</em></strong></span> <span class='ocrx_word' id='word_1_31' title='bbox 727 793 753 892; x_wconf 79' lang='grc' dir='ltr'><em>ᾦ</em></span> <span class='ocrx_word' id='word_1_32' title='bbox 776 807 932 887; x_wconf 82' lang='grc' dir='ltr'><strong><em>πεποίηκε</em></strong></span> <span class='ocrx_word' id='word_1_33' title='bbox 956 799 1017 868; x_wconf 89' lang='grc' dir='ltr'><strong><em>τὸν</em></strong></span> <span class='ocrx_word' id='word_1_34' title='bbox 1038 798 1199 887; x_wconf 89' lang='grc' dir='ltr'><strong><em>Ἠρακλέα</em></strong></span> <span class='ocrx_word' id='word_1_35' title='bbox 1220 803 1260 888; x_wconf 73' lang='grc' dir='ltr'><strong><em>τῇ</em></strong></span> <span class='ocrx_word' id='word_1_36' title='bbox 1284 797 1392 890; x_wconf 78' lang='grc' dir='ltr'><strong><em>άρετῇ</em></strong></span> 
     </span>
     <span class='ocr_line' id='line_1_6' title="bbox 201 897 1392 998; baseline 0.002 -26"><span class='ocrx_word' id='word_1_37' title='bbox 201 906 290 973; x_wconf 78' lang='grc' dir='ltr'><strong><em>ἐκαὶ</em></strong></span> <span class='ocrx_word' id='word_1_38' title='bbox 318 910 358 994; x_wconf 77' lang='grc' dir='ltr'><strong><em>τῇ</em></strong></span> <span class='ocrx_word' id='word_1_39' title='bbox 386 913 484 998; x_wconf 79' lang='grc' dir='ltr'><strong><em>κακίᾳ</em></strong></span> <span class='ocrx_word' id='word_1_40' title='bbox 508 897 797 995; x_wconf 86' lang='grc' dir='ltr'><strong><em>συντυγχάνοντα,</em></strong></span> <span class='ocrx_word' id='word_1_41' title='bbox 825 908 880 974; x_wconf 80' lang='grc' dir='ltr'><strong><em>καὶ</em></strong></span> <span class='ocrx_word' id='word_1_42' title='bbox 902 905 1069 994; x_wconf 80' lang='grc' dir='ltr'><strong><em>καλούσης</em></strong></span> <span class='ocrx_word' id='word_1_43' title='bbox 1092 908 1245 994; x_wconf 77' lang='grc' dir='ltr'><strong><em>ἑκατέρας</em></strong></span> <span class='ocrx_word' id='word_1_44' title='bbox 1268 907 1322 975; x_wconf 75' lang='grc' dir='ltr'><strong><em>ἐπὶ</em></strong></span> <span class='ocrx_word' id='word_1_45' title='bbox 1347 905 1392 975; x_wconf 87' lang='grc' dir='ltr'><strong><em>τδι</em></strong></span> 
     </span>
     <span class='ocr_line' id='line_1_7' title="bbox 235 1010 1389 1103; baseline 0.003 -23"><span class='ocrx_word' id='word_1_46' title='bbox 235 1011 305 1100; x_wconf 79' lang='grc' dir='ltr'><strong><em>ἤθη</em></strong></span> <span class='ocrx_word' id='word_1_47' title='bbox 328 1010 441 1101; x_wconf 81' lang='grc' dir='ltr'><strong><em>αὑτῆς,</em></strong></span> <span class='ocrx_word' id='word_1_48' title='bbox 465 1024 662 1103; x_wconf 85' lang='grc' dir='ltr'><strong><em>τιροσκλῖναι</em></strong></span> <span class='ocrx_word' id='word_1_49' title='bbox 686 1019 725 1103; x_wconf 74' lang='grc' dir='ltr'><strong><em>τῇ</em></strong></span> <span class='ocrx_word' id='word_1_50' title='bbox 749 1013 848 1103; x_wconf 78' lang='grc' dir='ltr'><strong><em>ἀρετῇ</em></strong></span> <span class='ocrx_word' id='word_1_51' title='bbox 871 1016 932 1084; x_wconf 90' lang='grc' dir='ltr'><strong><em>τὸν</em></strong></span> <span class='ocrx_word' id='word_1_52' title='bbox 946 1013 1109 1102; x_wconf 76' lang='grc' dir='ltr'><strong><em>Ἡρακλέα</em></strong></span> <span class='ocrx_word' id='word_1_53' title='bbox 1132 1014 1187 1081; x_wconf 83' lang='grc' dir='ltr'><strong><em>καλ</em></strong></span> <span class='ocrx_word' id='word_1_54' title='bbox 1205 1014 1285 1095; x_wconf 86' lang='grc' dir='ltr'><strong><em>τοὺς</em></strong></span> <span class='ocrx_word' id='word_1_55' title='bbox 1304 1016 1389 1083; x_wconf 87' lang='grc' dir='ltr'><strong><em>έκεί-</em></strong></span> 
     </span>
     <span class='ocr_line' id='line_1_8' title="bbox 235 1117 1391 1210; baseline 0 -20"><span class='ocrx_word' id='word_1_56' title='bbox 235 1146 297 1209; x_wconf 86' lang='grc' dir='ltr'><strong><em>νης</em></strong></span> <span class='ocrx_word' id='word_1_57' title='bbox 328 1126 472 1210; x_wconf 83' lang='grc' dir='ltr'><strong><em>ίδρώτας</em></strong></span> <span class='ocrx_word' id='word_1_58' title='bbox 493 1137 671 1209; x_wconf 79' lang='grc' dir='ltr'><strong><em>προκρῖναι</em></strong></span> <span class='ocrx_word' id='word_1_59' title='bbox 694 1125 762 1189; x_wconf 82' lang='grc' dir='ltr'><strong><em>τών</em></strong></span> <span class='ocrx_word' id='word_1_60' title='bbox 785 1129 999 1209; x_wconf 74' lang='grc' dir='ltr'><strong><em>προσκαίρου</em></strong></span> <span class='ocrx_word' id='word_1_61' title='bbox 1021 1125 1080 1208; x_wconf 78' lang='grc' dir='ltr'><strong><em>τῆς</em></strong></span> <span class='ocrx_word' id='word_1_62' title='bbox 1102 1127 1217 1200; x_wconf 88' lang='grc' dir='ltr'><strong><em>κακίας</em></strong></span> <span class='ocrx_word' id='word_1_63' title='bbox 1239 1117 1391 1206; x_wconf 80' lang='grc' dir='ltr'><strong><em>ἡδονῶν.</em></strong></span> 
     </span>
     <span class='ocr_line' id='line_1_9' title="bbox 324 1227 1389 1315; baseline 0 -19"><span class='ocrx_word' id='word_1_64' title='bbox 324 1230 513 1297; x_wconf 84' lang='lat' dir='ltr'><strong>DOLXXII.</strong></span> <span class='ocrx_word' id='word_1_65' title='bbox 545 1228 728 1315; x_wconf 88' lang='grc' dir='ltr'><strong><em>Πρόκλος</em></strong></span> <span class='ocrx_word' id='word_1_66' title='bbox 747 1228 935 1315; x_wconf 79' lang='grc' dir='ltr'><strong><em>Μαλλώτης</em></strong></span> <span class='ocrx_word' id='word_1_67' title='bbox 953 1231 988 1297; x_wconf 78' lang='grc' dir='ltr'><strong><em>ἐκ</em></strong></span> <span class='ocrx_word' id='word_1_68' title='bbox 1007 1235 1171 1315; x_wconf 82' lang='grc' dir='ltr'><strong><em>Κιλικίας,</em></strong></span> <span class='ocrx_word' id='word_1_69' title='bbox 1195 1227 1389 1315; x_wconf 86' lang='grc' dir='ltr'><strong><em>φιλόσοφος</em></strong></span> 
     </span>
     <span class='ocr_line' id='line_1_10' title="bbox 236 1334 1389 1426; baseline -0.001 -22"><span class='ocrx_word' id='word_1_70' title='bbox 236 1335 395 1417; x_wconf 89' lang='grc' dir='ltr'><strong><em>Στωικός.</em></strong></span> <span class='ocrx_word' id='word_1_71' title='bbox 447 1342 591 1424; x_wconf 79' lang='grc' dir='ltr'><strong><em>ἔγραψεν</em></strong></span> <span class='ocrx_word' id='word_1_72' title='bbox 627 1334 808 1426; x_wconf 76' lang='grc' dir='ltr'><strong><em>ὑπόμνημα</em></strong></span> <span class='ocrx_word' id='word_1_73' title='bbox 844 1341 912 1405; x_wconf 85' lang='grc' dir='ltr'><strong><em>τών</em></strong></span> <span class='ocrx_word' id='word_1_74' title='bbox 946 1339 1132 1424; x_wconf 86' lang='grc' dir='ltr'><strong><em>Διογένους</em></strong></span> <span class='ocrx_word' id='word_1_75' title='bbox 1166 1334 1389 1422; x_wconf 78' lang='grc' dir='ltr'><strong><em>σοφισμάτων</em></strong></span> 
     </span>
     <span class='ocr_line' id='line_1_11' title="bbox 198 1441 624 1531; baseline -0.014 -13"><span class='ocrx_word' id='word_1_76' title='bbox 198 1479 223 1518; x_wconf 91' lang='grc' dir='ltr'><strong><em>ιο</em></strong></span> <span class='ocrx_word' id='word_1_77' title='bbox 236 1444 291 1514; x_wconf 80' lang='grc' dir='ltr'><strong><em>καὶ</em></strong></span> <span class='ocrx_word' id='word_1_78' title='bbox 315 1443 398 1531; x_wconf 88' lang='grc' dir='ltr'><strong><em>τιρδς</em></strong></span> <span class='ocrx_word' id='word_1_79' title='bbox 418 1441 624 1531; x_wconf 83' lang='grc' dir='ltr'><strong><em>Ἐπίκουρον.</em></strong></span> 
     </span>
     <span class='ocr_line' id='line_1_12' title="bbox 324 1549 1388 1638; baseline 0.002 -21"><span class='ocrx_word' id='word_1_80' title='bbox 324 1552 530 1618; x_wconf 83' lang='lat' dir='ltr'><strong>DCLXXIII.</strong></span> <span class='ocrx_word' id='word_1_81' title='bbox 572 1550 753 1637; x_wconf 88' lang='grc' dir='ltr'><strong><em>Πρόκλος</em></strong></span> <span class='ocrx_word' id='word_1_82' title='bbox 781 1550 936 1636; x_wconf 85' lang='grc' dir='ltr'><strong><em>δεύτερος</em></strong></span> <span class='ocrx_word' id='word_1_83' title='bbox 964 1550 1167 1638; x_wconf 87' lang='grc' dir='ltr'><strong><em>Μαλλώτης,</em></strong></span> <span class='ocrx_word' id='word_1_84' title='bbox 1194 1549 1388 1638; x_wconf 85' lang='grc' dir='ltr'><strong><em>φιλόσοφος</em></strong></span> 
     </span>
     <span class='ocr_line' id='line_1_13' title="bbox 236 1654 600 1738; baseline 0 -14"><span class='ocrx_word' id='word_1_85' title='bbox 236 1658 291 1724; x_wconf 82' lang='grc' dir='ltr'><strong><em>καὶ</em></strong></span> <span class='ocrx_word' id='word_1_86' title='bbox 317 1654 416 1736; x_wconf 80' lang='grc' dir='ltr'><strong><em>αὐτὸς</em></strong></span> <span class='ocrx_word' id='word_1_87' title='bbox 440 1657 600 1738; x_wconf 92' lang='grc' dir='ltr'><strong><em>Στωικός.</em></strong></span> 
     </span>
     <span class='ocr_line' id='line_1_14' title="bbox 324 1763 1385 1854; baseline 0.004 -23"><span class='ocrx_word' id='word_1_88' title='bbox 324 1764 527 1835; x_wconf 81' lang='lat' dir='ltr'>DCLXXIV.</span> <span class='ocrx_word' id='word_1_89' title='bbox 568 1765 749 1852; x_wconf 88' lang='grc' dir='ltr'><strong><em>Πρόκλος</em></strong></span> <span class='ocrx_word' id='word_1_90' title='bbox 777 1763 795 1833; x_wconf 87' lang='grc' dir='ltr'>ὁ</span> <span class='ocrx_word' id='word_1_91' title='bbox 824 1764 1014 1853; x_wconf 80' lang='grc' dir='ltr'><strong><em>Προκληιος</em></strong></span> <span class='ocrx_word' id='word_1_92' title='bbox 1041 1772 1256 1854; x_wconf 80' lang='grc' dir='ltr'><strong><em>χρηματίσας,</em></strong></span> <span class='ocrx_word' id='word_1_93' title='bbox 1284 1773 1385 1854; x_wconf 79' lang='grc' dir='ltr'><strong><em>Θεμι-</em></strong></span> 
     </span>
     <span class='ocr_line' id='line_1_15' title="bbox 236 1874 1385 1962; baseline 0.001 -21"><span class='ocrx_word' id='word_1_94' title='bbox 236 1879 368 1958; x_wconf 90' lang='grc' dir='ltr'><strong><em>σίωνος,</em></strong></span> <span class='ocrx_word' id='word_1_95' title='bbox 383 1878 582 1955; x_wconf 86' lang='grc' dir='ltr'><strong><em>Λαοδικείας</em></strong></span> <span class='ocrx_word' id='word_1_96' title='bbox 596 1879 653 1960; x_wconf 79' lang='grc' dir='ltr'><strong><em>τῆς</em></strong></span> <span class='ocrx_word' id='word_1_97' title='bbox 668 1881 798 1962; x_wconf 88' lang='grc' dir='ltr'><strong><em>Συρίας</em></strong></span> <span class='ocrx_word' id='word_1_98' title='bbox 812 1874 1020 1961; x_wconf 78' lang='grc' dir='ltr'><strong><em>ἱεροφάντης.</em></strong></span> <span class='ocrx_word' id='word_1_99' title='bbox 1051 1880 1174 1961; x_wconf 75' lang='grc' dir='ltr'><strong><em>ἔγραψε</em></strong></span> <span class='ocrx_word' id='word_1_100' title='bbox 1187 1879 1385 1959; x_wconf 80' lang='grc' dir='ltr'><strong><em>θεολογίαν,</em></strong></span> 
     </span>
     <span class='ocr_line' id='line_1_16' title="bbox 127 1978 1390 2078; baseline 0.004 -35"><span class='ocrx_word' id='word_1_101' title='bbox 127 2038 130 2043; x_wconf 94' lang='grc'>.</span> <span class='ocrx_word' id='word_1_102' title='bbox 159 2018 179 2031; x_wconf 50' lang='grc' dir='ltr'><strong><em>ιι</em></strong></span> <span class='ocrx_word' id='word_1_103' title='bbox 196 2017 221 2057; x_wconf 72' lang='lat'><strong><em>25</em></strong></span> <span class='ocrx_word' id='word_1_104' title='bbox 235 1985 282 2061; x_wconf 85' lang='grc' dir='ltr'><strong><em>είς</em></strong></span> <span class='ocrx_word' id='word_1_105' title='bbox 309 1980 368 2050; x_wconf 91' lang='grc' dir='ltr'><strong><em>τὸν</em></strong></span> <span class='ocrx_word' id='word_1_106' title='bbox 396 1978 473 2069; x_wconf 81' lang='grc' dir='ltr'><strong><em>παρ’</em></strong></span> <span class='ocrx_word' id='word_1_107' title='bbox 498 1978 645 2072; x_wconf 79' lang='grc' dir='ltr'><strong><em>Ἡσιόδῳ</em></strong></span> <span class='ocrx_word' id='word_1_108' title='bbox 674 1986 732 2069; x_wconf 73' lang='grc' dir='ltr'><strong><em>τῆς</em></strong></span> <span class='ocrx_word' id='word_1_109' title='bbox 759 1981 949 2068; x_wconf 89' lang='grc' dir='ltr'><strong><em>Πανδώρας</em></strong></span> <span class='ocrx_word' id='word_1_110' title='bbox 976 1985 1106 2067; x_wconf 82' lang='grc' dir='ltr'><strong><em>μῦθον,</em></strong></span> <span class='ocrx_word' id='word_1_111' title='bbox 1134 1980 1390 2078; x_wconf 26' lang='grc' dir='ltr'><strong><em>είςὴτδ-χρυσά</em></strong></span> 
     </span>
     <span class='ocr_line' id='line_1_17' title="bbox 234 2084 1384 2185; baseline -0.002 -29"><span class='ocrx_word' id='word_1_112' title='bbox 234 2091 311 2185; x_wconf 57' lang='grc' dir='ltr'><strong><em>ἔτη,</em></strong></span> <span class='ocrx_word' id='word_1_113' title='bbox 343 2091 391 2168; x_wconf 90' lang='grc' dir='ltr'><strong><em>είς</em></strong></span> <span class='ocrx_word' id='word_1_114' title='bbox 422 2086 483 2175; x_wconf 81' lang='grc' dir='ltr'><strong><em>τὴν</em></strong></span> <span class='ocrx_word' id='word_1_115' title='bbox 516 2087 714 2177; x_wconf 78' lang='grc' dir='ltr'><strong><em>Νικομάχου</em></strong></span> <span class='ocrx_word' id='word_1_116' title='bbox 751 2087 938 2175; x_wconf 79' lang='grc' dir='ltr'><strong><em>εἰσαγωγὴν</em></strong></span> <span class='ocrx_word' id='word_1_117' title='bbox 971 2086 1033 2174; x_wconf 81' lang='grc' dir='ltr'><strong><em>τὴν</em></strong></span> <span class='ocrx_word' id='word_1_118' title='bbox 1065 2084 1289 2176; x_wconf 80' lang='grc' dir='ltr'><strong><em>ἀριθμητικὴν</em></strong></span> <span class='ocrx_word' id='word_1_119' title='bbox 1326 2089 1384 2155; x_wconf 85' lang='grc' dir='ltr'><strong><em>καὶ</em></strong></span> 
     </span>
     <span class='ocr_line' id='line_1_18' title="bbox 233 2191 653 2283; baseline 0.007 -22"><span class='ocrx_word' id='word_1_120' title='bbox 233 2191 319 2261; x_wconf 83' lang='grc' dir='ltr'><strong><em>άλλα</em></strong></span> <span class='ocrx_word' id='word_1_121' title='bbox 341 2194 417 2263; x_wconf 86' lang='grc' dir='ltr'><strong><em>τινά</em></strong></span> <span class='ocrx_word' id='word_1_122' title='bbox 442 2197 653 2283; x_wconf 89' lang='grc' dir='ltr'><strong><em>γεωμετρικά.</em></strong></span> 
     </span>
     <span class='ocr_line' id='line_1_19' title="bbox 322 2298 1458 2389; baseline 0 -21"><span class='ocrx_word' id='word_1_123' title='bbox 322 2303 508 2369; x_wconf 83' lang='lat' dir='ltr'>DOLXXV.</span> <span class='ocrx_word' id='word_1_124' title='bbox 555 2301 763 2388; x_wconf 91' lang='grc' dir='ltr'><strong><em>Πρόκλος</em></strong></span> <span class='ocrx_word' id='word_1_125' title='bbox 791 2298 809 2369; x_wconf 84' lang='grc' dir='ltr'>ὁ</span> <span class='ocrx_word' id='word_1_126' title='bbox 839 2300 980 2387; x_wconf 85' lang='grc' dir='ltr'><strong><em>Λύκιος,</em></strong></span> <span class='ocrx_word' id='word_1_127' title='bbox 1013 2300 1164 2388; x_wconf 82' lang='grc' dir='ltr'><strong><em>μαθητὴς</em></strong></span> <span class='ocrx_word' id='word_1_128' title='bbox 1192 2305 1458 2389; x_wconf 44' lang='grc' dir='ltr'><strong><em>Συριανοῦὼ,</em></strong></span> 
     </span>
     <span class='ocr_line' id='line_1_20' title="bbox 234 2406 1384 2496; baseline 0 -20"><span class='ocrx_word' id='word_1_129' title='bbox 234 2407 400 2496; x_wconf 81' lang='grc' dir='ltr'><strong><em>ἀκουστὴς</em></strong></span> <span class='ocrx_word' id='word_1_130' title='bbox 423 2408 460 2476; x_wconf 77' lang='grc' dir='ltr'><strong><em>δὲ</em></strong></span> <span class='ocrx_word' id='word_1_131' title='bbox 483 2410 538 2477; x_wconf 80' lang='grc' dir='ltr'><strong><em>καὶ</em></strong></span> <span class='ocrx_word' id='word_1_132' title='bbox 557 2408 781 2496; x_wconf 79' lang='grc' dir='ltr'><strong><em>Πλουτάρχου</em></strong></span> <span class='ocrx_word' id='word_1_133' title='bbox 804 2412 864 2476; x_wconf 86' lang='grc' dir='ltr'><strong><em>τοῦ</em></strong></span> <span class='ocrx_word' id='word_1_134' title='bbox 883 2415 1073 2494; x_wconf 86' lang='grc' dir='ltr'><strong><em>Νεστορίου</em></strong></span> <span class='ocrx_word' id='word_1_135' title='bbox 1096 2412 1156 2476; x_wconf 84' lang='grc' dir='ltr'><strong><em>τοῦ</em></strong></span> <span class='ocrx_word' id='word_1_136' title='bbox 1179 2406 1384 2495; x_wconf 85' lang='grc' dir='ltr'><strong><em>φιλοσόφου.</em></strong></span> 
     </span>
    </p>
   </div>
   <div class='ocr_carea' id='block_1_3' title="bbox 193 2506 1385 2929">
    <p class='ocr_par' dir='ltr' id='par_1_3' title="bbox 193 2506 1385 2929">
     <span class='ocr_line' id='line_1_21' title="bbox 193 2506 1384 2604; baseline -0.002 -20"><span class='ocrx_word' id='word_1_137' title='bbox 193 2517 289 2593; x_wconf 59' lang='lat' dir='ltr'>mutat</span> <span class='ocrx_word' id='word_1_138' title='bbox 322 2513 422 2597; x_wconf 83' lang='grc' dir='ltr'><strong><em>αὐτὸς</em></strong></span> <span class='ocrx_word' id='word_1_139' title='bbox 455 2516 642 2604; x_wconf 85' lang='grc' dir='ltr'><strong><em>φιλόσοφος</em></strong></span> <span class='ocrx_word' id='word_1_140' title='bbox 673 2515 897 2595; x_wconf 90' lang='grc' dir='ltr'><strong><em>Πλατωνικός.</em></strong></span> <span class='ocrx_word' id='word_1_141' title='bbox 949 2506 1047 2594; x_wconf 85' lang='grc' dir='ltr'><strong><em>οὗτος</em></strong></span> <span class='ocrx_word' id='word_1_142' title='bbox 1078 2516 1221 2601; x_wconf 79' lang='grc' dir='ltr'><strong><em>προέστη</em></strong></span> <span class='ocrx_word' id='word_1_143' title='bbox 1254 2518 1311 2600; x_wconf 78' lang='grc' dir='ltr'><strong><em>τῆς</em></strong></span> <span class='ocrx_word' id='word_1_144' title='bbox 1345 2516 1384 2582; x_wconf 79' lang='grc' dir='ltr'><strong><em>ἐν</em></strong></span> 
     </span>
     <span class='ocr_line' id='line_1_22' title="bbox 231 2619 1385 2713; baseline -0.004 -19"><span class='ocrx_word' id='word_1_145' title='bbox 231 2623 391 2712; x_wconf 83' lang='grc' dir='ltr'><strong><em>Ἀθήναις</em></strong></span> <span class='ocrx_word' id='word_1_146' title='bbox 413 2625 605 2713; x_wconf 89' lang='grc' dir='ltr'><strong><em>φιλοσόφου</em></strong></span> <span class='ocrx_word' id='word_1_147' title='bbox 626 2628 756 2712; x_wconf 78' lang='grc' dir='ltr'><strong><em>σχολῆς,</em></strong></span> <span class='ocrx_word' id='word_1_148' title='bbox 780 2624 835 2690; x_wconf 79' lang='grc' dir='ltr'><strong><em>καί</em></strong></span> <span class='ocrx_word' id='word_1_149' title='bbox 855 2619 960 2690; x_wconf 82' lang='grc' dir='ltr'><strong><em>αὐτοῦ</em></strong></span> <span class='ocrx_word' id='word_1_150' title='bbox 978 2619 1132 2708; x_wconf 84' lang='grc' dir='ltr'><strong><em>μαθητὴς</em></strong></span> <span class='ocrx_word' id='word_1_151' title='bbox 1150 2624 1205 2690; x_wconf 80' lang='grc' dir='ltr'><strong><em>καὶ</em></strong></span> <span class='ocrx_word' id='word_1_152' title='bbox 1224 2623 1385 2710; x_wconf 86' lang='grc' dir='ltr'><strong><em>διάδοχος</em></strong></span> 
     </span>
     <span class='ocr_line' id='line_1_23' title="bbox 233 2727 1381 2822; baseline -0.006 -20"><span class='ocrx_word' id='word_1_153' title='bbox 233 2740 421 2822; x_wconf 80' lang='grc' dir='ltr'><strong><em>χρηματίζει</em></strong></span> <span class='ocrx_word' id='word_1_154' title='bbox 458 2741 614 2818; x_wconf 84' lang='grc' dir='ltr'><strong><em>Μαρῑνος</em></strong></span> <span class='ocrx_word' id='word_1_155' title='bbox 650 2729 668 2800; x_wconf 87' lang='lat'>6</span> <span class='ocrx_word' id='word_1_156' title='bbox 702 2736 920 2816; x_wconf 81' lang='grc' dir='ltr'><strong><em>Νεαπολίτης.</em></strong></span> <span class='ocrx_word' id='word_1_157' title='bbox 974 2735 1097 2815; x_wconf 77' lang='grc' dir='ltr'><strong><em>ἔγραψε</em></strong></span> <span class='ocrx_word' id='word_1_158' title='bbox 1133 2731 1223 2797; x_wconf 81' lang='grc' dir='ltr'><strong><em>πάνυ</em></strong></span> <span class='ocrx_word' id='word_1_159' title='bbox 1259 2727 1381 2813; x_wconf 87' lang='grc' dir='ltr'><strong><em>τιολλά,</em></strong></span> 
     </span>
     <span class='ocr_line' id='line_1_24' title="bbox 233 2832 1383 2929; baseline -0.009 -19"><span class='ocrx_word' id='word_1_160' title='bbox 233 2840 406 2929; x_wconf 91' lang='grc' dir='ltr'><strong><em>φιλόσοφά</em></strong></span> <span class='ocrx_word' id='word_1_161' title='bbox 432 2869 467 2910; x_wconf 88' lang='grc' dir='ltr'><strong><em>τε</em></strong></span> <span class='ocrx_word' id='word_1_162' title='bbox 494 2842 549 2909; x_wconf 84' lang='grc' dir='ltr'><strong><em>καλ</em></strong></span> <span class='ocrx_word' id='word_1_163' title='bbox 576 2838 801 2929; x_wconf 89' lang='grc' dir='ltr'><strong><em>γραμματικά,</em></strong></span> <span class='ocrx_word' id='word_1_164' title='bbox 829 2835 1010 2923; x_wconf 80' lang='grc' dir='ltr'><strong><em>ὑπόμνημα</em></strong></span> <span class='ocrx_word' id='word_1_165' title='bbox 1034 2840 1081 2915; x_wconf 88' lang='grc' dir='ltr'><strong><em>είς</em></strong></span> <span class='ocrx_word' id='word_1_166' title='bbox 1103 2834 1185 2904; x_wconf 85' lang='grc' dir='ltr'><strong><em>ὅλον</em></strong></span> <span class='ocrx_word' id='word_1_167' title='bbox 1206 2832 1266 2903; x_wconf 87' lang='grc' dir='ltr'><strong><em>τὸν</em></strong></span> <span class='ocrx_word' id='word_1_168' title='bbox 1280 2832 1383 2922; x_wconf 82' lang='grc' dir='ltr'><strong><em>Ὅμη-</em></strong></span> 
     </span>
    </p>
   </div>
   <div class='ocr_carea' id='block_1_4' title="bbox 234 3018 1384 4537">
    <p class='ocr_par' dir='ltr' id='par_1_4' title="bbox 234 3018 1384 3584">
     <span class='ocr_line' id='line_1_25' title="bbox 235 3018 1382 3124; baseline -0.002 -43"><span class='ocrx_word' id='word_1_169' title='bbox 235 3029 313 3099; x_wconf 90' lang='lat' dir='ltr'>VIp.</span> <span class='ocrx_word' id='word_1_170' title='bbox 329 3037 390 3097; x_wconf 86' lang='grc'><strong><em>361,</em></strong></span> <span class='ocrx_word' id='word_1_171' title='bbox 409 3031 459 3098; x_wconf 89' lang='lat' dir='ltr'><strong><em>qui</em></strong></span> <span class='ocrx_word' id='word_1_172' title='bbox 473 3029 543 3084; x_wconf 79' lang='lat' dir='ltr'>tutia</span> <span class='ocrx_word' id='word_1_173' title='bbox 556 3027 687 3124; x_wconf 69' lang='grc' dir='ltr'><strong><em>ητμεθελ·</em></strong></span> <span class='ocrx_word' id='word_1_174' title='bbox 694 3022 852 3094; x_wconf 75' lang='grc' dir='ltr'><strong><em>Πρόδικος,</em></strong></span> <span class='ocrx_word' id='word_1_175' title='bbox 864 3029 957 3092; x_wconf 79' lang='grc' dir='ltr'><strong><em>Κεῖος,</em></strong></span> <span class='ocrx_word' id='word_1_176' title='bbox 973 3019 1091 3092; x_wconf 86' lang='grc' dir='ltr'><strong><em>φυσικὸς</em></strong></span> <span class='ocrx_word' id='word_1_177' title='bbox 1106 3018 1270 3093; x_wconf 83' lang='grc' dir='ltr'><strong><em>φιλόσοφος,</em></strong></span> <span class='ocrx_word' id='word_1_178' title='bbox 1286 3029 1382 3119; x_wconf 82' lang='grc' dir='ltr'><strong><em>Δημο-</em></strong></span> 
     </span>
     <span class='ocr_line' id='line_1_26' title="bbox 234 3099 1383 3201; baseline -0.004 -38"><span class='ocrx_word' id='word_1_179' title='bbox 234 3129 331 3177; x_wconf 85' lang='grc' dir='ltr'><strong><em>κριτου</em></strong></span> <span class='ocrx_word' id='word_1_180' title='bbox 350 3105 502 3201; x_wconf 79' lang='grc' dir='ltr'><strong><em>σόγχρονος</em></strong></span> <span class='ocrx_word' id='word_1_181' title='bbox 520 3110 570 3163; x_wconf 83' lang='grc' dir='ltr'><strong><em>τοῦ</em></strong></span> <span class='ocrx_word' id='word_1_182' title='bbox 587 3103 754 3179; x_wconf 83' lang='grc' dir='ltr'><strong><em>Ἀβδηρίτου,</em></strong></span> <span class='ocrx_word' id='word_1_183' title='bbox 779 3108 896 3176; x_wconf 86' lang='grc' dir='ltr'><strong><em>Γοργίου</em></strong></span> <span class='ocrx_word' id='word_1_184' title='bbox 916 3104 947 3160; x_wconf 77' lang='grc' dir='ltr'><strong><em>δὲ</em></strong></span> <span class='ocrx_word' id='word_1_185' title='bbox 963 3103 1012 3158; x_wconf 82' lang='grc' dir='ltr'><strong><em>καὶ</em></strong></span> <span class='ocrx_word' id='word_1_186' title='bbox 1030 3101 1221 3172; x_wconf 87' lang='grc' dir='ltr'><strong><em>Πρωταγόρου</em></strong></span> <span class='ocrx_word' id='word_1_187' title='bbox 1240 3099 1383 3174; x_wconf 82' lang='grc' dir='ltr'><strong><em>μαθητης.</em></strong></span> 
     </span>
     <span class='ocr_line' id='line_1_27' title="bbox 234 3181 1384 3263; baseline -0.003 -21"><span class='ocrx_word' id='word_1_188' title='bbox 234 3188 349 3263; x_wconf 81' lang='grc' dir='ltr'><strong><em>τελευτᾷ</em></strong></span> <span class='ocrx_word' id='word_1_189' title='bbox 369 3185 489 3243; x_wconf 82' lang='grc' dir='ltr'><strong><em>κώνειον</em></strong></span> <span class='ocrx_word' id='word_1_190' title='bbox 508 3183 581 3242; x_wconf 82' lang='grc' dir='ltr'><strong><em>πιών</em></strong></span> <span class='ocrx_word' id='word_1_191' title='bbox 600 3183 640 3242; x_wconf 80' lang='grc' dir='ltr'><strong><em>δτι</em></strong></span> <span class='ocrx_word' id='word_1_192' title='bbox 644 3181 857 3254; x_wconf 88' lang='grc' dir='ltr'><strong><em>’Ἀθηναίων</em></strong></span> <span class='ocrx_word' id='word_1_193' title='bbox 840 3207 877 3247; x_wconf 81' lang='grc' dir='ltr'><strong><em>τος</em></strong></span> <span class='ocrx_word' id='word_1_194' title='bbox 896 3181 961 3246; x_wconf 78' lang='grc' dir='ltr'><strong><em>τοὺς</em></strong></span> <span class='ocrx_word' id='word_1_195' title='bbox 980 3182 1063 3244; x_wconf 82' lang='grc' dir='ltr'><strong><em>νέους</em></strong></span> <span class='ocrx_word' id='word_1_196' title='bbox 1081 3185 1260 3252; x_wconf 79' lang='grc' dir='ltr'><strong><em>διαφθείρων</em></strong></span> <span class='ocrx_word' id='word_1_197' title='bbox 1279 3184 1325 3252; x_wconf 81' lang='lat' dir='ltr'>(cf.</span> <span class='ocrx_word' id='word_1_198' title='bbox 1341 3184 1384 3239; x_wconf 86' lang='lat' dir='ltr'><strong><em>Vl</em></strong></span> 
     </span>
     <span class='ocr_line' id='line_1_28' title="bbox 234 3262 1384 3339; baseline -0.005 -15"><span class='ocrx_word' id='word_1_199' title='bbox 234 3288 261 3339; x_wconf 91' lang='lat' dir='ltr'>p</span> <span class='ocrx_word' id='word_1_200' title='bbox 276 3272 340 3339; x_wconf 78' lang='grc'>274)</span> <span class='ocrx_word' id='word_1_201' title='bbox 409 3275 442 3324; x_wconf 76' lang='lat'><strong><em>22</em></strong></span> <span class='ocrx_word' id='word_1_202' title='bbox 464 3273 546 3331; x_wconf 77' lang='grc' dir='ltr'><strong><em>Κεῖος</em></strong></span> <span class='ocrx_word' id='word_1_203' title='bbox 564 3275 586 3321; x_wconf 83' lang='lat' dir='ltr'>V</span> <span class='ocrx_word' id='word_1_204' title='bbox 605 3263 620 3322; x_wconf 85' lang='lat'>6</span> <span class='ocrx_word' id='word_1_205' title='bbox 641 3268 788 3329; x_wconf 76' lang='grc' dir='ltr'><strong><em>Κειοςτοί.</em></strong></span> <span class='ocrx_word' id='word_1_206' title='bbox 858 3266 942 3319; x_wconf 89' lang='grc' dir='ltr'><strong><em>1τοῦ</em></strong></span> <span class='ocrx_word' id='word_1_207' title='bbox 964 3281 1016 3316; x_wconf 90' lang='lat' dir='ltr'><strong><em>om.</em></strong></span> <span class='ocrx_word' id='word_1_208' title='bbox 1032 3263 1108 3317; x_wconf 71' lang='lat' dir='ltr'><strong><em>Eud.</em></strong></span> <span class='ocrx_word' id='word_1_209' title='bbox 1177 3264 1279 3318; x_wconf 73' lang='lat' dir='ltr'>apost</span> <span class='ocrx_word' id='word_1_210' title='bbox 1297 3262 1384 3327; x_wconf 86' lang='grc' dir='ltr'><strong><em>νέους</em></strong></span> 
     </span>
     <span class='ocr_line' id='line_1_29' title="bbox 234 3343 1382 3415; baseline -0.007 -9"><span class='ocrx_word' id='word_1_211' title='bbox 234 3351 339 3407; x_wconf 78' lang='lat' dir='ltr'>Suidas</span> <span class='ocrx_word' id='word_1_212' title='bbox 356 3351 508 3407; x_wconf 77' lang='lat' dir='ltr'>inculcavit</span> <span class='ocrx_word' id='word_1_213' title='bbox 528 3350 612 3406; x_wconf 81' lang='lat' dir='ltr'><strong>schol.</strong></span> <span class='ocrx_word' id='word_1_214' title='bbox 631 3347 678 3405; x_wconf 85' lang='lat' dir='ltr'><strong><em>Ar</em></strong></span> <span class='ocrx_word' id='word_1_215' title='bbox 698 3348 771 3402; x_wconf 86' lang='lat' dir='ltr'><strong><em>Nub</em></strong></span> <span class='ocrx_word' id='word_1_216' title='bbox 791 3351 856 3415; x_wconf 84' lang='lat'><strong><em>360,</em></strong></span> <span class='ocrx_word' id='word_1_217' title='bbox 876 3344 951 3414; x_wconf 88' lang='lat' dir='ltr'>quod</span> <span class='ocrx_word' id='word_1_218' title='bbox 971 3343 1104 3412; x_wconf 84' lang='lat' dir='ltr'>expunxi,</span> <span class='ocrx_word' id='word_1_219' title='bbox 1123 3361 1176 3397; x_wconf 85' lang='lat' dir='ltr'><strong><em>om.</em></strong></span> <span class='ocrx_word' id='word_1_220' title='bbox 1197 3343 1281 3398; x_wconf 77' lang='lat' dir='ltr'>etium</span> <span class='ocrx_word' id='word_1_221' title='bbox 1303 3344 1382 3399; x_wconf 80' lang='lat' dir='ltr'>Eud.</span> 
     </span>
     <span class='ocr_line' id='line_1_30' title="bbox 235 3390 1381 3489; baseline -0.007 -3"><span class='ocrx_word' id='word_1_222' title='bbox 235 3430 275 3486; x_wconf 82' lang='lat' dir='ltr'><strong><em>ef.</em></strong></span> <span class='ocrx_word' id='word_1_223' title='bbox 291 3431 360 3489; x_wconf 76' lang='lat' dir='ltr'>Mus.</span> <span class='ocrx_word' id='word_1_224' title='bbox 375 3432 462 3488; x_wconf 88' lang='lat' dir='ltr'>Rhen</span> <span class='ocrx_word' id='word_1_225' title='bbox 477 3433 495 3486; x_wconf 92' lang='lat' dir='ltr'><strong><em>l.</em></strong></span> <span class='ocrx_word' id='word_1_226' title='bbox 506 3450 529 3488; x_wconf 87' lang='grc' dir='ltr'><strong><em>ο.</em></strong></span> <span class='ocrx_word' id='word_1_227' title='bbox 575 3431 668 3485; x_wconf 75' lang='lat' dir='ltr'>Etiam</span> <span class='ocrx_word' id='word_1_228' title='bbox 687 3430 757 3483; x_wconf 79' lang='lat' dir='ltr'><strong>haee</strong></span> <span class='ocrx_word' id='word_1_229' title='bbox 775 3428 810 3483; x_wconf 86' lang='lat' dir='ltr'><strong><em>de</em></strong></span> <span class='ocrx_word' id='word_1_230' title='bbox 829 3390 911 3482; x_wconf 74' lang='lat' dir='ltr'>iioris</span> <span class='ocrx_word' id='word_1_231' title='bbox 930 3424 1026 3478; x_wconf 73' lang='lat' dir='ltr'>fabula</span> <span class='ocrx_word' id='word_1_232' title='bbox 1045 3424 1152 3477; x_wconf 71' lang='lat' dir='ltr'>mutato</span> <span class='ocrx_word' id='word_1_233' title='bbox 1167 3424 1315 3478; x_wconf 86' lang='lat' dir='ltr'>verborum</span> <span class='ocrx_word' id='word_1_234' title='bbox 1334 3441 1381 3478; x_wconf 88' lang='lat' dir='ltr'><strong><em>or-</em></strong></span> 
     </span>
     <span class='ocr_line' id='line_1_31' title="bbox 235 3503 1221 3584; baseline -0.012 -16"><span class='ocrx_word' id='word_1_235' title='bbox 235 3514 298 3568; x_wconf 86' lang='lat' dir='ltr'>dine</span> <span class='ocrx_word' id='word_1_236' title='bbox 318 3517 395 3568; x_wconf 81' lang='lat' dir='ltr'>extat</span> <span class='ocrx_word' id='word_1_237' title='bbox 413 3513 488 3584; x_wconf 76' lang='lat' dir='ltr'>apud</span> <span class='ocrx_word' id='word_1_238' title='bbox 508 3513 626 3567; x_wconf 85' lang='lat' dir='ltr'>eundem</span> <span class='ocrx_word' id='word_1_239' title='bbox 645 3508 825 3564; x_wconf 79' lang='lat' dir='ltr'>scholiastum</span> <span class='ocrx_word' id='word_1_240' title='bbox 846 3507 938 3570; x_wconf 72' lang='lat' dir='ltr'>Arist,</span> <span class='ocrx_word' id='word_1_241' title='bbox 909 3503 1006 3559; x_wconf 82' lang='lat' dir='ltr'>tsed</span> <span class='ocrx_word' id='word_1_242' title='bbox 1026 3503 1126 3557; x_wconf 80' lang='lat' dir='ltr'>eiicere</span> <span class='ocrx_word' id='word_1_243' title='bbox 1144 3503 1221 3557; x_wconf 87' lang='lat' dir='ltr'>nolui</span> 
     </span>
    </p>

    <p class='ocr_par' dir='ltr' id='par_1_5' title="bbox 235 3546 1366 3807">
     <span class='ocr_line' id='line_1_32' title="bbox 305 3546 1251 3661; baseline -0.011 -16"><span class='ocrx_word' id='word_1_244' title='bbox 305 3592 455 3647; x_wconf 85' lang='lat' dir='ltr'>DCLXXII</span> <span class='ocrx_word' id='word_1_245' title='bbox 474 3594 549 3647; x_wconf 82' lang='grc' dir='ltr'><strong><em>Εαιί.</em></strong></span> <span class='ocrx_word' id='word_1_246' title='bbox 570 3611 595 3661; x_wconf 94' lang='lat' dir='ltr'>p.</span> <span class='ocrx_word' id='word_1_247' title='bbox 611 3597 661 3644; x_wconf 87' lang='grc'><strong><em>611</em></strong></span> <span class='ocrx_word' id='word_1_248' title='bbox 670 3603 767 3658; x_wconf 74' lang='lat' dir='ltr'>,quae</span> <span class='ocrx_word' id='word_1_249' title='bbox 786 3546 938 3655; x_wconf 52' lang='lat' dir='ltr'>utrumque,</span> <span class='ocrx_word' id='word_1_250' title='bbox 953 3584 1097 3638; x_wconf 73' lang='lat' dir='ltr'>Matutam</span> <span class='ocrx_word' id='word_1_251' title='bbox 1118 3583 1251 3638; x_wconf 73' lang='lat' dir='ltr'>tractavit</span> 
     </span>
     <span class='ocr_line' id='line_1_33' title="bbox 235 3657 1381 3741; baseline -0.009 -14"><span class='ocrx_word' id='word_1_252' title='bbox 235 3668 420 3740; x_wconf 86' lang='grc' dir='ltr'><strong><em>8Μαλλότης</em></strong></span> <span class='ocrx_word' id='word_1_253' title='bbox 438 3675 509 3741; x_wconf 80' lang='grc' dir='ltr'><strong><em>υ.κίγ</em></strong></span> <span class='ocrx_word' id='word_1_254' title='bbox 525 3673 600 3726; x_wconf 73' lang='lat' dir='ltr'><strong><em>Eud</em></strong></span> <span class='ocrx_word' id='word_1_255' title='bbox 620 3673 685 3725; x_wconf 75' lang='lat' dir='ltr'><strong><em>Mat</em></strong></span> <span class='ocrx_word' id='word_1_256' title='bbox 688 3666 774 3738; x_wconf 84' lang='grc' dir='ltr'><strong><em>λώτης</em></strong></span> <span class='ocrx_word' id='word_1_257' title='bbox 792 3686 825 3722; x_wconf 83' lang='lat' dir='ltr'><strong><em>ex</em></strong></span> <span class='ocrx_word' id='word_1_258' title='bbox 844 3666 910 3719; x_wconf 85' lang='lat' dir='ltr'><strong><em>Par.</em></strong></span> <span class='ocrx_word' id='word_1_259' title='bbox 925 3663 1061 3716; x_wconf 72' lang='grc' dir='ltr'><strong><em>Πασίωνι</em></strong></span> <span class='ocrx_word' id='word_1_260' title='bbox 1117 3668 1150 3715; x_wconf 92' lang='grc'><strong><em>10</em></strong></span> <span class='ocrx_word' id='word_1_261' title='bbox 1170 3658 1239 3729; x_wconf 77' lang='grc' dir='ltr'><strong><em>πρὸς</em></strong></span> <span class='ocrx_word' id='word_1_262' title='bbox 1256 3657 1316 3719; x_wconf 75' lang='lat' dir='ltr'><strong><em>&#39;En</em></strong></span> <span class='ocrx_word' id='word_1_263' title='bbox 1337 3666 1381 3720; x_wconf 78' lang='lat' dir='ltr'><strong><em>al</em></strong></span> 
     </span>
     <span class='ocr_line' id='line_1_34' title="bbox 235 3747 886 3807; baseline -0.014 0"><span class='ocrx_word' id='word_1_264' title='bbox 235 3753 321 3807; x_wconf 71' lang='lat' dir='ltr'>terius</span> <span class='ocrx_word' id='word_1_265' title='bbox 341 3752 474 3806; x_wconf 78' lang='lat' dir='ltr'>Mallotae</span> <span class='ocrx_word' id='word_1_266' title='bbox 494 3768 553 3806; x_wconf 76' lang='lat' dir='ltr'>esse</span> <span class='ocrx_word' id='word_1_267' title='bbox 572 3751 650 3805; x_wconf 79' lang='lat' dir='ltr'>videt</span> <span class='ocrx_word' id='word_1_268' title='bbox 638 3756 684 3805; x_wconf 83' lang='lat' dir='ltr'><strong><em>tur</em></strong></span> <span class='ocrx_word' id='word_1_269' title='bbox 699 3750 770 3802; x_wconf 77' lang='lat' dir='ltr'>Guts</span> <span class='ocrx_word' id='word_1_270' title='bbox 771 3747 886 3801; x_wconf 75' lang='lat' dir='ltr'><strong><em>chmidio</em></strong></span> 
     </span>
    </p>

    <p class='ocr_par' dir='ltr' id='par_1_6' title="bbox 236 3818 1381 4143">
     <span class='ocr_line' id='line_1_35' title="bbox 307 3818 1381 3894; baseline -0.006 -10"><span class='ocrx_word' id='word_1_271' title='bbox 307 3830 468 3886; x_wconf 85' lang='lat' dir='ltr'>DCLXXIII</span> <span class='ocrx_word' id='word_1_272' title='bbox 525 3837 553 3884; x_wconf 93' lang='grc'><strong><em>11</em></strong></span> <span class='ocrx_word' id='word_1_273' title='bbox 580 3828 667 3883; x_wconf 84' lang='grc' dir='ltr'><strong><em>καλ</em></strong></span> <span class='ocrx_word' id='word_1_274' title='bbox 654 3847 746 3894; x_wconf 83' lang='grc' dir='ltr'><strong><em>ετερος</em></strong></span> <span class='ocrx_word' id='word_1_275' title='bbox 766 3830 804 3880; x_wconf 88' lang='lat' dir='ltr'><strong><em>M.</em></strong></span> <span class='ocrx_word' id='word_1_276' title='bbox 824 3826 899 3879; x_wconf 74' lang='lat' dir='ltr'><strong><em>Eud.</em></strong></span> <span class='ocrx_word' id='word_1_277' title='bbox 983 3820 1089 3891; x_wconf 78' lang='grc' dir='ltr'><strong><em>ἔγραψε</em></strong></span> <span class='ocrx_word' id='word_1_278' title='bbox 1114 3818 1185 3875; x_wconf 85' lang='grc' dir='ltr'><strong><em>κατά</em></strong></span> <span class='ocrx_word' id='word_1_279' title='bbox 1210 3818 1381 3891; x_wconf 78' lang='grc' dir='ltr'><strong><em>Ἐπικούρου</em></strong></span> 
     </span>
     <span class='ocr_line' id='line_1_36' title="bbox 236 3902 1381 3987; baseline -0.008 -18"><span class='ocrx_word' id='word_1_280' title='bbox 236 3910 383 3987; x_wconf 72' lang='grc' dir='ltr'><strong><em>βιβλίαδ,</em></strong></span> <span class='ocrx_word' id='word_1_281' title='bbox 400 3913 465 3980; x_wconf 77' lang='grc' dir='ltr'><strong><em>περὶ</em></strong></span> <span class='ocrx_word' id='word_1_282' title='bbox 479 3902 765 3980; x_wconf 81' lang='grc' dir='ltr'><strong><em>τρονοιαςββλιαβ</em></strong></span> <span class='ocrx_word' id='word_1_283' title='bbox 781 3904 844 3958; x_wconf 83' lang='lat' dir='ltr'><strong><em>add</em></strong></span> <span class='ocrx_word' id='word_1_284' title='bbox 860 3904 944 3969; x_wconf 81' lang='grc' dir='ltr'><strong><em>Εκτί,</em></strong></span> <span class='ocrx_word' id='word_1_285' title='bbox 963 3920 1035 3970; x_wconf 79' lang='lat' dir='ltr'>quae</span> <span class='ocrx_word' id='word_1_286' title='bbox 1049 3902 1116 3957; x_wconf 90' lang='lat' dir='ltr'><strong><em>ohm</em></strong></span> <span class='ocrx_word' id='word_1_287' title='bbox 1131 3902 1239 3957; x_wconf 78' lang='lat' dir='ltr'>etium</span> <span class='ocrx_word' id='word_1_288' title='bbox 1231 3921 1259 3956; x_wconf 86' lang='lat' dir='ltr'>m</span> <span class='ocrx_word' id='word_1_289' title='bbox 1276 3902 1381 3960; x_wconf 70' lang='lat' dir='ltr'><strong>Smdae</strong></span> 
     </span>
     <span class='ocr_line' id='line_1_37' title="bbox 237 3981 1381 4086; baseline -0.009 -38"><span class='ocrx_word' id='word_1_290' title='bbox 237 3993 442 4086; x_wconf 79' lang='lat' dir='ltr'>exemplaribus</span> <span class='ocrx_word' id='word_1_291' title='bbox 462 3992 588 4048; x_wconf 72' lang='lat' dir='ltr'>extitisse</span> <span class='ocrx_word' id='word_1_292' title='bbox 606 4007 661 4044; x_wconf 89' lang='lat' dir='ltr'><strong><em>non</em></strong></span> <span class='ocrx_word' id='word_1_293' title='bbox 681 3987 812 4058; x_wconf 79' lang='lat' dir='ltr'>probavit</span> <span class='ocrx_word' id='word_1_294' title='bbox 825 3985 923 4050; x_wconf 74' lang='lat' dir='ltr'>Haut),</span> <span class='ocrx_word' id='word_1_295' title='bbox 943 3981 978 4035; x_wconf 83' lang='lat' dir='ltr'><strong><em>de</em></strong></span> <span class='ocrx_word' id='word_1_296' title='bbox 997 3982 1070 4036; x_wconf 89' lang='lat' dir='ltr'>Viot.</span> <span class='ocrx_word' id='word_1_297' title='bbox 1089 3999 1115 4051; x_wconf 91' lang='lat' dir='ltr'>p</span> <span class='ocrx_word' id='word_1_298' title='bbox 1132 3987 1160 4048; x_wconf 72' lang='grc' dir='ltr'><strong><em>ὃς</em></strong></span> <span class='ocrx_word' id='word_1_299' title='bbox 1183 4000 1267 4036; x_wconf 82' lang='lat' dir='ltr'>unam</span> <span class='ocrx_word' id='word_1_300' title='bbox 1285 3981 1381 4038; x_wconf 84' lang='lat' dir='ltr'>Eudo-</span> 
     </span>
     <span class='ocr_line' id='line_1_38' title="bbox 237 4068 966 4143; baseline -0.021 -12"><span class='ocrx_word' id='word_1_301' title='bbox 237 4076 309 4130; x_wconf 81' lang='lat' dir='ltr'>ciam</span> <span class='ocrx_word' id='word_1_302' title='bbox 330 4092 442 4128; x_wconf 82' lang='lat' dir='ltr'><strong>narrare</strong></span> <span class='ocrx_word' id='word_1_303' title='bbox 461 4078 525 4143; x_wconf 81' lang='lat' dir='ltr'>pout</span> <span class='ocrx_word' id='word_1_304' title='bbox 543 4072 613 4127; x_wconf 81' lang='lat' dir='ltr'>alios</span> <span class='ocrx_word' id='word_1_305' title='bbox 633 4071 764 4125; x_wconf 80' lang='lat' dir='ltr'>observat</span> <span class='ocrx_word' id='word_1_306' title='bbox 784 4068 872 4121; x_wconf 76' lang='lat' dir='ltr'>Putet</span> <span class='ocrx_word' id='word_1_307' title='bbox 890 4082 917 4134; x_wconf 92' lang='lat' dir='ltr'>p</span> <span class='ocrx_word' id='word_1_308' title='bbox 932 4068 966 4117; x_wconf 86' lang='grc'><strong><em>88</em></strong></span> 
     </span>
    </p>

    <p class='ocr_par' dir='ltr' id='par_1_7' title="bbox 236 4141 1382 4381">
     <span class='ocr_line' id='line_1_39' title="bbox 307 4141 1380 4221; baseline -0.013 -11"><span class='ocrx_word' id='word_1_309' title='bbox 307 4153 469 4210; x_wconf 82' lang='lat' dir='ltr'>DCLXXIV</span> <span class='ocrx_word' id='word_1_310' title='bbox 495 4158 526 4206; x_wconf 87' lang='grc'><strong><em>13</em></strong></span> <span class='ocrx_word' id='word_1_311' title='bbox 543 4153 751 4221; x_wconf 64' lang='grc' dir='ltr'><strong><em>Θεμεσίωνοςν</em></strong></span> <span class='ocrx_word' id='word_1_312' title='bbox 766 4147 953 4218; x_wconf 80' lang='grc' dir='ltr'><strong><em>Θεμιστίωνος</em></strong></span> <span class='ocrx_word' id='word_1_313' title='bbox 968 4141 1012 4195; x_wconf 86' lang='lat' dir='ltr'><strong><em>vel</em></strong></span> <span class='ocrx_word' id='word_1_314' title='bbox 1028 4143 1188 4211; x_wconf 84' lang='grc' dir='ltr'><strong><em>Θεμίσωνος</em></strong></span> <span class='ocrx_word' id='word_1_315' title='bbox 1203 4145 1272 4197; x_wconf 85' lang='lat' dir='ltr'>coni.</span> <span class='ocrx_word' id='word_1_316' title='bbox 1287 4144 1380 4200; x_wconf 79' lang='lat' dir='ltr'><strong><em>Bern-</em></strong></span> 
     </span>
     <span class='ocr_line' id='line_1_40' title="bbox 236 4220 1380 4307; baseline -0.011 -15"><span class='ocrx_word' id='word_1_317' title='bbox 236 4238 325 4307; x_wconf 74' lang='lat' dir='ltr'><strong><em>hardy</em></strong></span> <span class='ocrx_word' id='word_1_318' title='bbox 382 4241 415 4289; x_wconf 82' lang='grc'><strong><em>14</em></strong></span> <span class='ocrx_word' id='word_1_319' title='bbox 428 4233 579 4300; x_wconf 83' lang='grc' dir='ltr'><strong><em>θεολογιας</em></strong></span> <span class='ocrx_word' id='word_1_320' title='bbox 593 4237 614 4283; x_wconf 85' lang='lat' dir='ltr'>V</span> <span class='ocrx_word' id='word_1_321' title='bbox 662 4237 695 4284; x_wconf 79' lang='lat'><strong><em>15</em></strong></span> <span class='ocrx_word' id='word_1_322' title='bbox 710 4231 744 4284; x_wconf 88' lang='lat' dir='ltr'><strong><em>de</em></strong></span> <span class='ocrx_word' id='word_1_323' title='bbox 754 4245 853 4283; x_wconf 84' lang='lat' dir='ltr'><strong>comm.</strong></span> <span class='ocrx_word' id='word_1_324' title='bbox 863 4227 893 4279; x_wconf 92' lang='lat' dir='ltr'><strong><em>in</em></strong></span> <span class='ocrx_word' id='word_1_325' title='bbox 907 4222 1050 4278; x_wconf 78' lang='lat' dir='ltr'>Paudorue</span> <span class='ocrx_word' id='word_1_326' title='bbox 1061 4220 1116 4277; x_wconf 80' lang='lat' dir='ltr'><strong><em>fab</em></strong></span> <span class='ocrx_word' id='word_1_327' title='bbox 1126 4223 1159 4277; x_wconf 84' lang='lat' dir='ltr'><strong><em>cf.</em></strong></span> <span class='ocrx_word' id='word_1_328' title='bbox 1170 4223 1282 4278; x_wconf 75' lang='lat' dir='ltr'>Hesiod</span> <span class='ocrx_word' id='word_1_329' title='bbox 1294 4241 1380 4281; x_wconf 69' lang='lat' dir='ltr'>curm.</span> 
     </span>
     <span class='ocr_line' id='line_1_41' title="bbox 237 4296 1382 4386; baseline -0.014 -12"><span class='ocrx_word' id='word_1_330' title='bbox 237 4321 279 4375; x_wconf 86' lang='lat' dir='ltr'><strong><em>ed</em></strong></span> <span class='ocrx_word' id='word_1_331' title='bbox 286 4316 415 4386; x_wconf 75' lang='lat' dir='ltr'>Guttling</span> <span class='ocrx_word' id='word_1_332' title='bbox 417 4311 551 4381; x_wconf 74' lang='lat' dir='ltr'>..ulaehp</span> <span class='ocrx_word' id='word_1_333' title='bbox 558 4310 619 4364; x_wconf 86' lang='lat' dir='ltr'><strong><em>LIX</em></strong></span> <span class='ocrx_word' id='word_1_334' title='bbox 671 4317 703 4363; x_wconf 85' lang='grc'><strong><em>16</em></strong></span> <span class='ocrx_word' id='word_1_335' title='bbox 714 4306 764 4377; x_wconf 81' lang='grc' dir='ltr'><strong><em>τὴν</em></strong></span> <span class='ocrx_word' id='word_1_336' title='bbox 774 4302 817 4375; x_wconf 71' lang='grc' dir='ltr'><strong><em>ἂρ</em></strong></span> <span class='ocrx_word' id='word_1_337' title='bbox 829 4311 878 4359; x_wconf 75' lang='lat' dir='ltr'><strong><em>Av</em></strong></span> <span class='ocrx_word' id='word_1_338' title='bbox 889 4323 937 4370; x_wconf 88' lang='grc' dir='ltr'><strong><em>της</em></strong></span> <span class='ocrx_word' id='word_1_339' title='bbox 946 4296 1044 4371; x_wconf 86' lang='grc' dir='ltr'><strong><em>αριθμ</em></strong></span> <span class='ocrx_word' id='word_1_340' title='bbox 1059 4302 1130 4370; x_wconf 79' lang='lat' dir='ltr'>vulp.</span> <span class='ocrx_word' id='word_1_341' title='bbox 1138 4318 1205 4357; x_wconf 85' lang='lat' dir='ltr'><strong>corr</strong></span> <span class='ocrx_word' id='word_1_342' title='bbox 1211 4302 1382 4376; x_wconf 78' lang='grc' dir='ltr'><strong><em>Βιτκλαικλγ</em></strong></span> 
     </span>
    </p>

    <p class='ocr_par' dir='ltr' id='par_1_8' title="bbox 239 4334 1381 4537">
     <span class='ocr_line' id='line_1_42' title="bbox 308 4334 1320 4461; baseline -0.014 -9"><span class='ocrx_word' id='word_1_343' title='bbox 308 4334 457 4454; x_wconf 63' lang='lat' dir='ltr'><strong>DCLXgXV</strong></span> <span class='ocrx_word' id='word_1_344' title='bbox 480 4393 556 4449; x_wconf 80' lang='lat' dir='ltr'><strong><em>Eud</em></strong></span> <span class='ocrx_word' id='word_1_345' title='bbox 576 4410 601 4461; x_wconf 93' lang='lat' dir='ltr'>p.</span> <span class='ocrx_word' id='word_1_346' title='bbox 617 4396 676 4445; x_wconf 83' lang='lat'>611.</span> <span class='ocrx_word' id='word_1_347' title='bbox 709 4389 749 4442; x_wconf 78' lang='lat' dir='ltr'><strong><em>Du</em></strong></span> <span class='ocrx_word' id='word_1_348' title='bbox 768 4383 949 4442; x_wconf 66' lang='lat' dir='ltr'>additament</span> <span class='ocrx_word' id='word_1_349' title='bbox 943 4401 965 4436; x_wconf 77' lang='lat' dir='ltr'><strong><em>is</em></strong></span> <span class='ocrx_word' id='word_1_350' title='bbox 929 4381 1043 4437; x_wconf 84' lang='lat' dir='ltr'>tdixi</span> <span class='ocrx_word' id='word_1_351' title='bbox 1062 4380 1132 4436; x_wconf 75' lang='lat' dir='ltr'>Mus.</span> <span class='ocrx_word' id='word_1_352' title='bbox 1151 4382 1238 4438; x_wconf 80' lang='lat' dir='ltr'>Rheu.</span> <span class='ocrx_word' id='word_1_353' title='bbox 1259 4383 1277 4436; x_wconf 91' lang='lat' dir='ltr'><strong><em>l.</em></strong></span> <span class='ocrx_word' id='word_1_354' title='bbox 1298 4401 1320 4438; x_wconf 89' lang='grc' dir='ltr'><strong><em>ο.</em></strong></span> 
     </span>
     <span class='ocr_line' id='line_1_43' title="bbox 239 4461 1381 4537; baseline -0.016 -1"><span class='ocrx_word' id='word_1_355' title='bbox 239 4487 271 4537; x_wconf 88' lang='grc'><strong><em>19</em></strong></span> <span class='ocrx_word' id='word_1_356' title='bbox 291 4479 339 4534; x_wconf 85' lang='grc' dir='ltr'><strong><em>καλ</em></strong></span> <span class='ocrx_word' id='word_1_357' title='bbox 357 4497 411 4535; x_wconf 88' lang='lat' dir='ltr'><strong><em>om.</em></strong></span> <span class='ocrx_word' id='word_1_358' title='bbox 426 4482 449 4530; x_wconf 78' lang='lat' dir='ltr'><strong>V</strong></span> <span class='ocrx_word' id='word_1_359' title='bbox 537 4479 572 4527; x_wconf 76' lang='lat'><strong><em>20</em></strong></span> <span class='ocrx_word' id='word_1_360' title='bbox 592 4461 724 4532; x_wconf 84' lang='grc' dir='ltr'><strong><em>οὖτος-</em></strong></span> <span class='ocrx_word' id='word_1_361' title='bbox 746 4468 923 4535; x_wconf 76' lang='grc' dir='ltr'><strong><em>Νεαπολίτης</em></strong></span> <span class='ocrx_word' id='word_1_362' title='bbox 941 4479 994 4517; x_wconf 90' lang='lat' dir='ltr'><strong><em>om.</em></strong></span> <span class='ocrx_word' id='word_1_363' title='bbox 1014 4461 1089 4518; x_wconf 80' lang='lat' dir='ltr'><strong><em>Eud.</em></strong></span> <span class='ocrx_word' id='word_1_364' title='bbox 1184 4469 1218 4518; x_wconf 76' lang='lat'><strong><em>28</em></strong></span> <span class='ocrx_word' id='word_1_365' title='bbox 1236 4482 1265 4519; x_wconf 84' lang='grc' dir='ltr'><strong><em>τε</em></strong></span> <span class='ocrx_word' id='word_1_366' title='bbox 1286 4481 1341 4521; x_wconf 88' lang='lat' dir='ltr'><strong><em>om.</em></strong></span> <span class='ocrx_word' id='word_1_367' title='bbox 1357 4471 1381 4521; x_wconf 80' lang='lat' dir='ltr'>V</span> 
     </span>
    </p>
   </div>
   <div class='ocr_carea' id='block_1_5' title="bbox 0 0 1534 5114">
    <p class='ocr_par' dir='ltr' id='par_1_9' title="bbox 0 0 1534 5114">
     <span class='ocr_line' id='line_1_44' title="bbox 0 0 1534 5114; baseline 0 0"><span class='ocrx_word' id='word_1_368' title='bbox 0 0 1534 5114; x_wconf 95' lang='lat' dir='ltr'><strong><em> </em></strong></span> 
     </span>
    </p>
   </div>
  </div>
 </body>
</html>
