3036 5114
632 332 844 389 HESYCHIUS.
1165 353 1169 359 ·
1247 331 1310 395 165

252 490 411 564 DOXXV.
441 500 601 575 Παῦλος
623 493 744 582 Τύριος
763 493 885 582 ῥήτωρ,
908 489 1054 581 γεγονὼς
1071 490 1153 560 κατά
1175 497 1312 560 Φίλωνα

62 612 119 648 ””·
160 603 222 673 τὸν
255 603 421 690 Βύβλιον,
459 600 496 683 ὃς
528 603 581 671 ἐπὶ
611 601 790 689 Ἀδριανοῦ
821 606 881 670 τοῦ
913 596 1076 688 βασιλέως
1107 598 1312 689 πρεσβεύσας

162 710 368 798 μητρόπολιν
395 709 458 798 τὴν
485 709 597 798 Τύρον
621 713 786 796 ἐποίησεν.
832 715 954 796 ἔγραψε
976 710 1098 804 τέχνην
1121 706 1311 795 ῥητορικήν,
1350 759 1353 764 .
1436 739 1440 744 ·

164 818 466 906 προγυμνάσματα,
490 820 633 905 μελέτας.

251 934 429 1001 DOXXVI.
462 936 623 1011 Παῦλος
646 931 843 1020 φιλόσοφος.
880 931 1067 1019 εἰσαγωγὴν
1091 929 1340 1020 άστρολογίαςτ

162 1041 217 1108 καὶ
241 1037 530 1127 άποτελεσματικά.

250 1158 444 1224 DUXXVII.
481 1160 642 1236 Παῦλος
665 1155 838 1244 Γερμηνός
862 1155 1024 1244 σοφιστὴς
1047 1154 1065 1225 ὁ
1090 1155 1233 1244 γράψας,
1260 1154 1310 1225 ὅτι

164 1291 199 1349 γε
225 1269 356 1350 Λυσίου
384 1263 473 1354 ἐστὶν
502 1260 520 1331 ό
549 1264 623 1349 περὶ
650 1267 708 1349 τῆς
728 1261 936 1350 Ἰφικράτους
960 1268 1100 1353 δωρεᾶς,
1128 1268 1242 1350 βιβλία
1264 1263 1310 1350 β’,
1346 1287 1398 1323 κισ

166 1370 385 1459 ὑπομνήματα
409 1375 456 1450 είς
478 1369 557 1450 τοὺς
579 1369 717 1450 λοιπούς
740 1370 862 1457 λόγους
886 1378 1024 1440 Λυσίου.

251 1489 459 1555 DGXXVIII
500 1490 661 1567 Παῦλος
690 1486 872 1573 Αἰγύπτιος
901 1488 937 1554 ἐκ
962 1490 1021 1574 τῆς
1049 1485 1187 1572 Λύκων,
1216 1506 1309 1572 σοφι
1326 1512 1351 1553 ιο

165 1595 308 1681 στής,υ
287 1593 361 1675 υίὸς
383 1600 602 1682 Βησαρίωνῦς
630 1597 690 1662 τοῦ
717 1594 773 1661 καὶ
797 1591 971 1679 Διδύμου,
998 1591 1145 1718 γεγονός
1173 1594 1224 1661 ἐπὶ
1250 1598 1311 1662 τοῦ

165 1705 327 1787 βασιλέως
351 1700 623 1771 Κωνσταντίνου.

251 1821 428 1888 DCXXIX.
464 1822 697 1896 Παυσανίας
716 1814 907 1904 Καισαρεύς
929 1814 1100 1911 copientis,
1125 1814 1311 1920 σύγχρονος

124 1911 127 1914 .
160 1924 379 2014 Ἀριστείδου,
413 1917 453 1993 οὗ
482 1927 644 2013 μέμνηται
675 1921 720 2004 ὡς
747 1924 882 2011 φαύλου
915 1923 1055 2011 ῥήτορος
1087 1913 1311 2020 Φιλόστρατος

162 2035 199 2099 ἐν
222 2046 292 2113 τοις
314 2039 402 2118 βίοις
424 2037 492 2100 τῶν
516 2036 695 2119 σοφιστῶν
733 2035 857 2119 ἔγραφε
879 2032 955 2116 περὶ
974 2030 1159 2114 συντάξεως
1177 2037 1311 2119 βιβλίον
1325 2060 1349 2099 ιι

162 2139 196 2207 α’
199 2141 476 2228 ,προβλημάτων
500 2144 632 2227 βιβλίου
657 2166 678 2206 α
683 2137 813 2206 ’καὶ“
794 2165 896 2226 ετερα,
973 2178 979 2188 .
1407 2209 1428 2227 Γ

250 2250 408 2318 DCXXX.
450 2253 685 2326 Παυσανίας
707 2245 830 2315 Λάκων
860 2246 1033 2334 ἱστορικός.
1079 2246 1153 2332 περὶ
1175 2243 1309 2334 Ἑλλησ-

161 2355 301 2434 πόντου
331 2354 525 2440 Λακωνικά,
555 2353 710 2443 χρονικά,
740 2352 814 2440 περὶ
843 2351 1111 2440 Ἀμφικτυόνων,
1138 2355 1213 2443 περὶ
1240 2358 1309 2423 τῶν

164 2464 201 2530 ἐν
226 2463 382 2530 Λάκωσιν
407 2465 541 2550 ἑορτῶν.

160 2657 266 2720 11130,
286 2651 335 2705 sed
354 2668 417 2705 cum
436 2649 539 2705 Paulus
559 2648 697 2719 Aeginelz
716 2648 845 2703 Heraclio
864 2652 999 2718 regnante
1016 2649 1129 2717 vixerit,
1153 2667 1226 2704 nunc
1245 2667 1308 2704 eom

161 2747 216 2784 non
234 2729 289 2800 ipsi
303 2731 442 2799 Hesychio
461 2731 510 2784 scd
528 2730 706 2799 epitomatori
725 2728 847 2783 tribuere
865 2728 969 2783 malim.
1002 2729 1043 2785 cf.
1058 2746 1130 2798 quac
1149 2729 1206 2785 dixi
1225 2731 1261 2785 ad
1280 2749 1308 2785 v.

164 2806 302 2878 Γεύργιος
320 2814 445 2880 Πισίδης.

234 2890 359 2945 Dclsslv
378 2892 453 2947 Ειιά.
473 2911 500 2962 p.
516 2897 567 2946 588
642 2898 656 2944 1
677 2890 717 2947 Cf.
699 2889 829 2944 1Φίλων
849 2887 864 2944 ὁ
884 2885 1002 2962 Βύβλιος

231 2972 368 3027 DOXXVI
392 2989 446 3027 om
469 2973 606 3027 Weslcrm.
625 2972 701 3026 Ειιιί.
716 2990 742 3041 p.
757 2976 817 3027 ool.
850 2971 894 3024 Ad
908 2972 982 3026 hunc
997 2973 1108 3042 speclei
1126 2971 1228 3027 leonis
1243 2971 1305 3041 phi-

163 3052 274 3122 losophi
293 3070 335 3122 cp.
355 3053 380 3106 ΙΙ
454 3046 651 3122 ὃέγραφεν’
633 3070 710 3121 αστρ
730 3050 780 3106 εἰσ.
800 3052 876 3107 Eud.

232 3132 383 3187 DOXXVII
391 3120 478 3190 Eue
498 3151 525 3202 p
541 3139 601 3188 589.
635 3131 674 3186 ef.
694 3133 788 3202 Blnss,
807 3134 865 3188 All.
885 3133 946 3187 Ber.
961 3134 1020 3202 Ip.
1035 3138 1097 3202 345,
1115 3132 1208 3201 nauh,
1229 3132 1307 3187 stud.

162 3233 188 3284 p.
205 3220 246 3268 72
279 3214 359 3266 Hunc
377 3213 496 3268 Paulum
518 3230 574 3267 non
594 3213 735 3268 diversum
759 3230 818 3269 cese
841 3214 877 3268 ab
901 3229 950 3279 eo
972 3229 1055 3282 quem
1074 3212 1180 3283 Enncp
1199 3215 1257 3284 lp
1275 3221 1306 3268 ll

161 3295 230 3349 dicii
218 3294 395 3363 inequalem
413 3293 570 3364 Porphyrii,
590 3293 746 3363 suspicatus
764 3294 998 3366 esthttenbacli
1062 3296 1243 3364 ’ῖΓερμῆνος
1257 3300 1307 3347 AV

164 3379 300 3444 Γερμῐνος
318 3377 405 3446 τωρ,
428 3378 511 3430 nnius
531 3376 592 3429 eral
611 3374 741 3441 Germe,
760 3373 790 3428 in
808 3375 876 3430 urbe
895 3373 931 3429 ad
950 3374 1163 3443 Hellespontum
1182 3375 1250 3443 sita,
1272 3374 1306 3429 de

165 3472 220 3522 qua
238 3475 264 3510 v.
285 3456 380 3525 Steph.
396 3457 458 3524 Byz.
514 3462 529 3510 9
549 3455 599 3509 τοῦ
618 3459 685 3509 Avo.
701 3453 776 3508 Εκιλ

232 3535 394 3590 DCXXVlll
413 3537 488 3591 Ειιά.
506 3535 525 3591 l.
546 3555 583 3604 α,
608 3551 678 3604 quae
698 3534 799 3603 incipit
816 3533 865 3587 nal
884 3532 978 3602 ἕτερος
997 3538 1032 3598 Π.
1053 3531 1187 3603 σοφιστής

163 3622 196 3669 10
215 3613 298 3669 Annei
319 3616 469 3672 1⁴'cbricius
488 3615 526 3670 lV
545 3634 572 3685 p.
588 3622 636 3682 92,
655 3615 705 3669 sed
724 3614 757 3668 cf.
778 3613 873 3681 Sleph.
894 3614 956 3683 Byz.
976 3632 1002 3670 v.
1020 3608 1122 3668 Λύκων
1142 3611 1238 3677 πόλεις

162 3701 192 3747 11
220 3697 412 3762 Βησσαρίωνος
435 3697 511 3752 Elui.
539 3696 720 3766 Βησατιίωνος
745 3696 868 3751 Valesius
965 3702 996 3750 12
1020 3699 1126 3751 Κωνστ.
1145 3700 1196 3747 AV
1219 3695 1305 3763 Eud„

163 3771 317 3846 ῦτιόμνημα
337 3777 400 3831 add.
420 3779 469 3834 rel.

235 3856 375 3912 DCXXlX
393 3860 468 3914 End.
488 3878 514 3928 p.
531 3863 591 3914 589.
621 3856 660 3911 el.
676 3856 860 3925 Rindfleisch‚
879 3858 914 3914 de
932 3858 1013 3914 Pauo.
1033 3860 1063 3913 el
1082 3859 1141 3913 Ael.
1156 3858 1238 3913 Dion.
1258 3858 1304 3913 lex

161 3936 280 4006 (lngim
297 3940 385 4007 less).
414 3939 494 3993 Hunc
513 3938 586 3994 enim
605 3938 713 3993 lexicon
728 3938 897 3995 rhetoricum
914 3940 1057 4011 scripsisse
1072 3939 1140 3994 satie
1159 3937 1306 4009 probabile

62 4069 65 4077 ,
162 4021 206 4072 esi
261 4025 294 4073 14
313 4039 395 4073 oo-
412 4020 552 4088 σοφιστῶν
570 4018 688 4075 fortasse
702 4019 801 4075 locon
815 4021 951 4077 debentur
1007 4026 1039 4077 15
1054 4020 1111 4078 Vil.
1091 4020 1211 4090 lSoph
1226 4019 1261 4088 ΙΙ,
1273 4024 1305 4072 13

166 4105 197 4153 16
216 4097 299 4153 καλ”
285 4119 367 4167 stepo
387 4118 440 4155 om
455 4100 530 4156 Eoo.

231 4178 355 4233 DCXXX
373 4181 448 4234 Eud.
468 4199 495 4250 p.
510 4185 570 4235 184.
600 4180 639 4236 ef.
660 4180 761 4236 Miillor
780 4181 817 4236 lV
836 4199 863 4251 p.
878 4187 938 4237 467.
968 4180 1096 4237 Fortasse
1115 4180 1234 4236 lectione
1253 4181 1304 4248 esi,

162 4276 244 4326 quein
263 4259 361 4315 laudet
374 4257 482 4316 Aelizin.
503 4260 581 4316 Teci.
599 4268 612 4314 1
688 4269 718 4317 11
740 4260 846 4332 ἔγραφε
866 4262 930 4329 περὶ
945 4262 1029 4330 Euo.
1047 4277 1120 4331 quae
1140 4278 1161 4315 e.
1180 4261 1225 4312 fin.
1240 4258 1304 4319 add,

160 4340 208 4394 καὶ
227 4335 297 4394 ἄλλα
389 4349 421 4397 18
444 4337 560 4411 χρονικά
581 4343 786 4413 chronographi
807 4341 976 4398 Antiocheni
1000 4360 1059 4399 esse
1083 4342 1240 4411 suspicatus
1263 4343 1306 4395 esi

162 4420 334 4487 Gnlsclimid,
356 4416 560 4491 ’Λμφικιιώνων
581 4426 605 4473 Δ
676 4422 794 4476 allorum
819 4422 884 4493 περὶ
907 4441 960 4479 om.
980 4429 1003 4475 v
1026 4425 1179 4479 extremum
1202 4420 1305 4476 librum

161 4500 269 4557 alibro
288 4499 440 4558 Λακωνικά
459 4519 515 4557 non
534 4501 675 4557 diversum
693 4518 754 4559 esse
773 4507 855 4574 putat
872 4504 958 4560 Daub
