3036 5114
203 303 246 369 64
660 303 873 362 HESYHCIUS.

203 465 335 553 φύσεως
362 470 430 534 τῶν
458 463 567 534 ὅντων
595 471 708 553 βιβλία
736 467 769 554 γ’
792 468 862 558 (καλ
891 475 983 536 ἔστιν
1010 474 1070 555 έπη
1099 464 1144 548 άς
1173 467 1349 559 δισχίλια),

204 571 334 662 ἰατρικά
357 573 590 667 καταλογάδην
613 574 669 642 καὶ
693 574 782 643 άλλα
799 575 916 644 πολλά.

293 681 461 749 CCXLVI.
495 680 799 770 Ἐμπεδοκλῆς
827 686 1054 769 θυγατριδοῦς
1079 687 1141 751 τοῦ
1171 684 1349 772 προτέρου,

202 787 364 876 τραγικός.
409 792 591 881 τραγῳδίαι
615 787 720 857 αὐτοῦ
743 789 810 858 κδ’.

176 915 189 955 ⁶
292 895 477 964 CCXLVII.
512 893 804 985 Ἐμπεδότιμος.
841 887 938 977 οὗτος
962 902 1083 985 ἔγραψε
1106 897 1181 984 περὶ
1205 902 1351 985 φυσικῆς

203 999 400 1085 ἀκροάσεως.
448 1004 535 1089 [περὶ
564 995 605 1071 οὗ
634 1004 721 1089 λέγει
750 1001 767 1071 ὁ
795 1002 988 1091 παραβάτης
1015 1006 1053 1071 έν
1075 1018 1145 1083 τοῖς
1168 1006 1347 1097 ἐπιγραφο-

202 1110 314 1196 μένοις
333 1114 495 1198 Κρονίοις
506 1105 626 1196 “ῆμείς
646 1109 682 1177 δὲ
698 1107 922 1201 Ἐμπεδοτίμφ
942 1112 996 1178 καὶ
1011 1110 1202 1201 Πυθαγόρη
1219 1111 1349 1181 πιστεύ-

203 1242 313 1302 οντες,
343 1211 393 1296 οἷς
423 1243 457 1283 τε
489 1218 618 1283 ἐκεῖθεν
646 1214 759 1302 λαβὼν
783 1213 998 1304 Ἡρακλείδης
1030 1214 1048 1284 ὁ
1074 1216 1241 1298 Ποντικὸς
1273 1225 1349 1306 ἔφη,

201 1324 257 1391 καὶ
284 1327 390 1416 μικρῷ
419 1321 582 1411 πρότερον
610 1323 665 1390 καὶ
695 1319 712 1391 ὁ
740 1322 870 1403 κλεινὸς
893 1321 975 1412 ἡμῖν
998 1325 1121 1405 ἔδειξεν
1145 1324 1348 1413 ἱεροφάντης

163 1427 428 1518 ιο’1άμβλιχος.”]

290 1537 490 1605 CCXLVIII.
524 1533 856 1625 Ἐπαφρόδιτος
886 1535 1079 1626 Χαιρωνεύς
1108 1543 1347 1628 γραμματικός,

197 1640 411 1731 Ἀρχκβί>ου
435 1648 495 1711 τοῦ
516 1641 754 1730 Ἀλεξανδρέως
777 1649 1005 1732 γραμματικοῦ
1028 1647 1187 1735 θρεπτός,
1215 1647 1294 1735 παρ’
1322 1640 1348 1742 ᾧ

199 1752 393 1831 παιδευθεὶς
412 1749 530 1839 ὠνήθη
545 1748 610 1819 ὑπὸ
628 1754 818 1839 Μοδέστου,
837 1752 984 1840 ἐπάρχου
1000 1753 1182 1841 Αἰγύπτου,
1200 1757 1254 1823 καὶ
1271 1781 1348 1825 παι-

201 1858 322 1939 δεύσας
351 1857 412 1926 τὸν
441 1856 519 1928 υίδν
548 1856 652 1928 αὐτοῦ
676 1868 865 1946 Πετηλῖνον
893 1862 929 1928 ἐν
948 1857 1055 1949 Ῥώμη
1085 1863 1263 1949 διέπρεψεν
1294 1863 1349 1930 ἐπὶ

161 1989 186 2028 1ο
202 1968 363 2051 Νέρωνος
384 1967 440 2034 καὶ
463 1968 558 2055 μέχρι
582 1968 714 2055 Νέρβα,
739 1963 818 2034 καθ’
845 1963 886 2034 δν
910 1966 1034 2054 χρόνον
1057 1969 1112 2036 καὶ
1137 1976 1348 2057 Πτολεμαῖος

200 2070 473 2161 ὁἩφαιστίωνος
487 2065 530 2160 ῆν
544 2075 598 2142 καὶ
613 2071 706 2141 άλλοι
723 2073 841 2161 συχνοὶ
855 2077 923 2141 τῶν
939 2071 1134 2161 ὀνομαστῶν
1151 2077 1187 2143 ἐν
1203 2080 1347 2166 παιδείᾳ.

201 2179 391 2269 ὠνούμενος
410 2179 446 2248 δὲ
466 2177 518 2248 del
538 2186 653 2267 βιβλία
671 2178 829 2267 ἐκτήσατο
849 2180 1014 2266 μυριάδας
1027 2195 1125 2269 τρεῖς,
1146 2182 1349 2250 καὶτούτων

200 2292 394 2357 σπουδαίων
424 2288 479 2356 καὶ
510 2284 822 2375 άυακεχωρηκότων.
867 2285 904 2355 τὸ
934 2287 977 2356 δὲ·
999 2292 1092 2375 σῶμα
1124 2279 1165 2376 ῆν
1188 2290 1290 2375 μέγας
1313 2315 1349 2356 τε

198 2395 253 2463 καί
284 2398 385 2485 μέλας
416 2393 461 2477 ὥς
493 2394 732 2480 έλεφαντιάδης.
779 2391 863 2486 ,φάκει
895 2421 929 2462 τε
963 2397 1000 2463 έν
1028 2408 1098 2475 τοῖς
1127 2397 1349 2482 καλουμένοις

159 2526 186 2567 ιο
202 2509 512 2592 Φαινιανοκορίοις,
544 2500 607 2569 δύο
637 2505 742 2582 οἰκίας
770 2499 892 2569 αὐτόθι
920 2501 1132 2590 κτησάμενος.
1179 2501 1206 2569 o'
1231 2501 1269 2571 δὲ
1291 2503 1348 2571 καλ

1367 1958 1429 2007 'Im

271 2779 286 2827 2
308 2776 377 2846 βιβλ.
398 2776 461 2843 τρία
479 2775 552 2844 νιιίγ.
572 2776 643 2848 βιβλ.
662 2765 713 2824 δύο
733 2773 809 2821 BEV

270 2852 401 2908 CCXIVI
422 2871 475 2908 om.
494 2858 525 2906 A.
563 2853 604 2908 ef.
619 2848 758 2915 Welcker‚
778 2850 825 2903 Gr.
844 2849 913 2918 trag.
935 2868 961 2918 p.
985 2854 1052 2902 1228

271 2933 416 2989 CCXLVII
437 2951 488 2988 cm.
504 2938 534 2987 A.
555 2933 594 2988 CI.
606 2933 680 2985 Eud.
696 2949 721 3000 p.
733 2936 792 2995 299,
812 2946 884 2997 quae
898 2927 961 2983 add.
977 2926 1133 2998 φιλόσοφος
1195 2939 1211 2986 6
1230 2931 1294 3000 περὶ
1309 2920 1344 2986 ού

199 3035 256 3084 seq.
276 3030 309 3067 er
328 3014 421 3083 glossa
437 3008 589 3074 Ἰουλιανός
608 3011 654 3080 (cf.
670 3010 717 3071 cd.
731 3008 854 3064 Hertlsn.
875 3028 901 3078 p.
918 3012 980 3077 609)
1000 3010 1120 3078 repetite
1138 3010 1279 3079 llesychio
1298 3011 1349 3065 ab·

199 3093 349 3150 iudicando
368 3107 427 3146 csse
448 3091 562 3161 exposui
580 3090 649 3143 Mus.
670 3089 758 3141 Ilhen.
779 3086 880 3140 XXXV
899 3107 925 3157 p.
946 3094 1010 3154 210;
1034 3089 1152 3143 fortasse
1172 3093 1233 3145 tolo
1251 3089 1350 3159 glossa

199 3173 390 3245 expungendo.
423 3174 490 3226 Ilem
506 3171 605 3239 ipsum,
625 3171 659 3224 de
675 3185 730 3238 ηιιο
745 3167 850 3237 agitur,
870 3167 1028 3223 enucleavit
1042 3169 1151 3236 Ilohde‚
1171 3171 1240 3225 Mus.
1256 3168 1347 3224 Ilheu.

199 3256 300 3309 XXXII
321 3274 347 3324 p.
367 3261 416 3307 331
438 3256 495 3308 not.
518 3261 540 3319 1,
564 3251 613 3320 qui
633 3248 718 3305 verbo
736 3247 831 3301 orbem
855 3249 977 3302 lacteum
1000 3252 1126 3317 spectare
1149 3249 1221 3303 vidit
1293 3255 1309 3305 8
1331 3246 1347 3303 ὁ

198 3331 293 3407 λαβὼν
307 3330 418 3402 Ἡρακλ,
435 3330 498 3387 libri
514 3330 617 3385 Suidse
632 3332 661 3382 et
678 3326 775 3382 Euo*
835 3334 851 3382 9
872 3327 951 3393 ἔδοξε
967 3328 1016 3382 καὶ
1034 3331 1106 3397 νιιλρ.
1127 3327 1206 3396 ἔδοξε
1228 3346 1281 3384 om.
1297 3329 1348 3383 καλ

199 3415 273 3472 Eud.
295 3413 383 3481 ἔδειξε
404 3413 453 3467 κοιλ
472 3429 506 3465 cx
525 3428 579 3465 uno
598 3411 660 3464 Pur.
680 3409 817 3462 Kustcrus
841 3407 889 3462 καλ
914 3408 1061 3462 delendum
1081 3425 1141 3463 esse
1164 3408 1237 3463 vidit
1255 3409 1347 3463 Bern-

198 3495 300 3565 Ilardy3
321 3495 394 3548 idem
415 3488 585 3559 ίεροφάντης
603 3506 654 3559 pro
673 3488 747 3556 vulg.
768 3482 944 3555 ιἐροφάντωρ
964 3487 1083 3542 correxit

270 3572 425 3628 CCXLVIII
447 3572 521 3625 Eud.
534 3589 561 3640 p.
577 3576 637 3623 292.
661 3568 701 3623 cf.
717 3567 807 3636 θοαὶ),
823 3567 900 3620 stud.
915 3585 942 3634 p.
956 3572 1004 3621 loo
1073 3572 1104 3620 12
1121 3561 1256 3637 Ἀρχιβίου
1275 3586 1346 3625 corr.

198 3653 364 3722 Bernhardy
378 3651 508 3706 laudalus
524 3650 706 3703 IVuclrsmuIIr.
723 3647 816 3715 Symb.
833 3664 859 3715 p.
877 3652 923 3699 141
943 3640 1047 3714 Ἀρχίου
1061 3645 1126 3699 libri
1141 3645 1243 3701 Suidse
1259 3647 1346 3718 Eue„

199 3733 274 3804 quod
289 3732 387 3787 laudat
400 3731 485 3784 Βοιώ
542 3735 573 3782 13
588 3723 713 3797 θρεπτδς
727 3722 772 3781 Iul
789 3726 922 3792 Νέρωνος
933 3724 1017 3789 lucu,
1032 3742 1104 3792 quae
1118 3726 1265 3794 sequeutia
1280 3745 1345 3798 om„

199 3835 220 3869 s.
230 3814 276 3868 fin.
287 3828 406 3881 pergens
423 3808 528 3877 ἔγραφε
544 3807 608 3874 περὶ
624 3804 816 3875 γραμματικῆς
830 3801 962 3858 κάλλιστα
973 3803 1020 3857 καὶ
1035 3802 1075 3866 είς
1083 3798 1205 3874 ’Όμηρον
1217 3806 1265 3859 καί
1276 3809 1345 3862 Πίν-

199 3896 286 3959 δαρον
303 3887 441 3958 ἐξήγησιν,
457 3904 527 3956 quac
542 3887 628 3941 verbs
638 3884 789 3938 lundoniam
804 3884 892 3953 ipsum
906 3882 1054 3950 addidisse,
1070 3901 1132 3937 cum
1147 3884 1248 3938 horum
1258 3885 1346 3942 libro·

199 3992 258 4028 rum
275 3970 438 4024 memoriam
453 3986 471 4021 u
489 3967 648 4036 cognitione
668 3963 835 4019 scholiorum
855 3963 1064 4017 lloruericomm
1084 3966 1113 4016 et
1132 3962 1346 4021 Pindaricorum

199 4053 351 4123 repeteret,
370 4064 425 4102 non
440 4046 671 4116 probavitDaub.
689 4046 839 4111 Πιιηλῖνον
854 4044 925 4111 ταῖς,
937 4043 1092 4109 Πετηλῖνον
1106 4045 1182 4093 nv
1239 4048 1271 4095 14
1287 4046 1346 4100 διέ.

199 4145 299 4203 τριψεν
318 4129 388 4185 coni.
410 4129 546 4182 ll'eslcrm.
620 4122 667 4178 έιιλ
688 4122 832 4191 Νέρωνοςι
857 4123 921 4176 hinc
945 4120 1137 4191 corrigendum
1163 4121 1258 4190 Steph.
1279 4122 1345 4191 Byz,

199 4234 227 4285 p.
235 4217 315 4281 170st
332 4200 723 4273 Βιθύνιον-Έπαφροδίτου
737 4204 786 4256 τοῦ
799 4201 931 4271 Νέρωνος
943 4194 982 4253 clv
993 4195 1176 4269 ἐξελεύθερος
1186 4203 1213 4256 iu
1223 4198 1346 4273 Ἐπαφρ.

201 4292 256 4351 Iul
275 4292 324 4347 τοῦ
344 4286 477 4356 Νέρωνος
496 4279 535 4338 civ
555 4280 592 4348 ἐξ.
612 4283 751 4352 persuasit
769 4283 874 4350 Rome,
898 4279 968 4334 Mus.
988 4278 1075 4334 Rhen.
1095 4279 1212 4336 XXXIV
1231 4301 1257 4352 p.
1277 4290 1349 4359 5703

200 4376 276 4431 idem
295 4375 329 4427 de
346 4369 436 4424 lexico
455 4361 527 4419 κατά
548 4368 683 4430 στοιχεῖον
701 4359 822 4430 Ilpaphr.
842 4357 998 4429 dispulerit
1016 4357 1046 4410 in
1067 4357 1163 4413 libello
1183 4360 1217 4414 de
1237 4361 1345 4420 Polluc.

201 4458 269 4513 sont.
284 4473 311 4527 p.
328 4458 360 4507 14
374 4450 431 4506 nol.
488 4450 519 4500 19
539 4438 606 4515 ᾤκει
625 4439 656 4496 δὲ
675 4442 747 4514 vulp.
763 4436 830 4515 ᾤκει
848 4459 877 4495 τι
892 4443 942 4491 Av
961 4439 1036 4493 recte
1051 4438 1162 4509 scripsit
1174 4438 1344 4518 Berulrdrdy
