3036 5114
248 304 290 369 18
552 308 558 320 ’
711 311 925 367 HESYCHIUS.

335 468 501 536 LXVIII&
528 467 692 550 ''Avvtog
712 471 952 560 Ἀνθεμίωνος,
974 471 1152 561 Ἀθηναῖος
1175 475 1294 562 ῥήτωρ.
1335 540 1339 545 .

335 576 502 645 LXVHIb.
546 575 727 665 Ἀπελλῆς
759 579 996 667 Κολοφώνιος,
1031 584 1125 656 θέσει
1164 582 1201 650 δὲ
1230 581 1393 670 Ἐφέσιος,

169 757 178 769 „
247 681 435 769 ζωγράφος,
467 687 620 773 μαθητὴς
647 693 831 773 Παμφίλου
858 693 919 755 τοῦ
946 685 1200 775 Ἀμφιπολίτου,
1227 688 1392 778 πρότερον

175 810 178 816 ·
246 789 284 856 δὲ
304 787 449 876 Ἐφόρου
472 795 533 859 τοῦ
555 789 725 879 Ἐφεσίου,
752 792 825 873 υίὸς
848 796 1005 880 Πυθέου,
1028 794 1174 883 ἀδελφὸς
1199 795 1392 884 Κτησιόχου

219 897 300 963 ικαὶ
325 895 430 966 αὐτοῦ
454 897 641 986 ζωγράφου.

333 1006 446 1073 LXIX.
481 1003 620 1075 Ἀπίων
648 1005 665 1076 ὁ
694 1014 950 1094 Πλειστονίκου,
979 1008 996 1078 ὁ
1022 1010 1391 1107 έπικληθεὶς--Μόχθος,

244 1111 438 1200 Αἰγύπτιος,
461 1114 543 1205 κατὰ
568 1115 605 1183 δὲ
623 1113 821 1209 Ἑλικώνιον
846 1116 954 1204 Κρής,
978 1118 1213 1206 γραμματικός,
1237 1102 1391 1206 μαθητὴς

241 1217 467 1289 Ἀπολλωνίου
490 1226 551 1291 τοῦ
571 1221 748 1311 Ἀρχιβίου.
788 1220 922 1315 ἠκηκόει
946 1224 983 1292 δὲ
1006 1226 1061 1293 καὶ
1086 1224 1310 1313 Εὐφράνορος
1333 1253 1389 1313 γη·
1415 1253 1471 1281 w·-

243 1332 343 1414 ραιοῦ
366 1329 421 1396 καὶ
445 1326 527 1416 ὑπὲρ
552 1328 670 1397 ἕκατδν
690 1335 745 1416 ἔτη
764 1312 951 1417 γεγονότος,
977 1331 1134 1420 Διδύμου
1154 1332 1191 1401 δὲ
1209 1338 1270 1402 τοῦ
1289 1335 1387 1421 μεγά-

205 1455 230 1493 1⁰
244 1443 307 1504 λου
326 1436 478 1523 θρεπτός.
506 1440 680 1506 ἐπαίδευσε
705 1437 741 1505 δὲ
763 1440 816 1505 ἐπὶ
839 1444 996 1526 Τιβερίου
1015 1445 1185 1527 Καίσαρος
1203 1441 1258 1508 καὶ
1279 1448 1391 1509 Κλαυ-

77 1574 96 1616 ι
128 1577 206 1607 ι
243 1546 321 1611 δίου
351 1546 388 1612 ἐν
416 1542 533 1631 Ῥώμη.
587 1536 632 1629 ἦν
661 1543 697 1612 δὲ
728 1544 885 1634 διάδοχος
912 1548 1046 1626 Θέωνος
1071 1551 1131 1614 τοῦ
1159 1552 1389 1634 γραμματικοῦ

241 1650 297 1717 καὶ
316 1651 502 1743 σῦγχρουος
526 1658 716 1720 Διονυσίου
734 1657 794 1721 τοῦ
808 1649 1101 1739 Ἁλικαρνασσέως.
1138 1659 1283 1742 ἔγραψεν
1302 1658 1388 1723 ίστο-

243 1764 321 1845 ρίαν
344 1757 416 1826 κατ’
443 1764 545 1840 ἔθνος
567 1760 623 1825 καὶ
646 1756 731 1826 άλλα
754 1759 839 1828 τινά.

331 1867 429 1934 LXX.
469 1865 743 1953 Ἀπολινάριος
771 1865 956 1947 Λαοδικεὺς
983 1871 1042 1953 τῆς
1070 1875 1210 1954 Συρίας,
1244 1867 1390 1955 γεγονοδς

202 1976 278 2042 15έν
306 1971 444 2061 ἡμέραις
467 1980 709 2044 Κωνσταντίου
737 1975 792 2042 καὶ
814 1972 1002 2044 Ἰουλιανοῦ
1032 1981 1091 2045 τοῦ
1117 1976 1311 2064 παραβάτου
1334 1977 1389 2043 καὶ
1416 2026 1419 2031 -
1451 2014 1467 2027 ⁴·

240 2082 302 2161 ἕως
324 2086 382 2169 τῆς
404 2080 509 2171 ἀρχῆς
527 2087 715 2151 Θεοδοσίου
738 2086 799 2150 τοῦ
822 2082 981 2169 μεγάλου,
1005 2082 1192 2171 σῦγχρονος
1211 2089 1389 2151 Βασιλείου

239 2190 294 2257 καὶ
319 2196 511 2279 Γρηγορίου
533 2194 601 2259 τῶν
625 2192 659 2258 ἐκ
680 2193 921 2268 Καππαδοκίας
939 2192 1214 2277 θαυμαζομένων.
1256 2192 1386 2276 ἐγένετο

220 2296 278 2364 ’δέ
315 2297 484 2386 γνώριμος
522 2296 720 2385 ἀμφοτέρων
757 2297 813 2364 καὶ
844 2302 1011 2382 Λιβανίου
1043 2301 1103 2365 τοῦ
1136 2301 1300 2383 σοφιστοῦ
1331 2299 1386 2364 καὶ

160 2487 165 2494 .
239 2401 352 2473 άλλων
378 2410 489 2476 τινῶν.
537 2395 634 2484 οὗτος
663 2401 703 2471 οῦ
732 2402 839 2490 μόνον
866 2403 1092 2491 γραμματικὸς
1118 2405 1173 2472 καί
1202 2403 1243 2481 τὰ
1267 2405 1299 2483 ές
1323 2402 1386 2491 τὴν

199 2532 225 2569 2⁰
238 2517 375 2598 ποίησιν
404 2511 527 2596 δεξιός,
555 2508 638 2579 άλλδι
666 2514 778 2601 πολλῷ
807 2517 908 2579 πλείω
936 2513 991 2579 καὶ
1020 2514 1053 2592 ές
1084 2518 1291 2599 φιλοσοφίαν
1317 2510 1387 2597 ἐξή-

238 2637 339 2704 σκητο
363 2622 417 2687 καί
439 2619 549 2709 ῥήτωρ
573 2611 615 2705 ἦν
639 2616 841 2705 ἀμφιδέξιος.
886 2610 984 2699 οῦτος
1007 2624 1129 2707 ἔγραψε
1152 2617 1384 2705 καταλογάδην

237 2727 320 2795 κατά
350 2734 552 2817 Πορφυρίου
579 2731 640 2794 τοῦ
669 2729 855 2811 δυσσεβοῦς
882 2725 1005 2813 τόμους
1032 2726 1076 2813 λ’,
1104 2727 1160 2794 καὶ
1189 2714 1383 2818 δι”ἡρςόων

308 2951 443 3005 vaffl·
462 2969 515 3006 om.
534 2950 669 3005 λίνοιο-ναι.
695 2949 735 3004 cf.
755 2949 908 3002 Buttmann
927 2948 956 3002 in
976 2948 1046 3002 Plai.
1061 2949 1133 3004 Men.
1153 2956 1201 3016 ²63
1221 2948 1306 3005 schol.
1321 2948 1386 3002 Pla·

238 3033 295 3085 ton.
317 3029 354 3082 VI
373 3049 400 3098 p.
415 3036 467 3084 226
487 3029 594 3084 Herma
619 3021 701 3090 οὗτος
723 3023 864 3090 δ’Ἀνυτος
884 3023 1069 3097 Ἀνθεμίωνος
1087 3021 1122 3096 ἦν
1140 3026 1214 3097 υίός,
1236 3025 1382 3096 Ἀθηναῖος

238 3109 333 3179 γένος,
356 3104 529 3178 Ἀλκιβιάδου
553 3103 682 3176 ἐραστής,
706 3105 836 3169 πλούσιος
859 3105 891 3163 ἐκ
911 3109 1130 3177 βυρσοδεψικῇς,
1155 3103 1227 3163 ὅθεν
1246 3107 1294 3162 καί
1312 3127 1383 3163 σκω-

237 3187 376 3258 πτόμενος
389 3185 447 3242 ῦπο
457 3185 627 3257 Σωκράτους
640 3185 689 3241 διὰ
705 3187 786 3241 τοῦτο
802 3187 878 3257 [fort.
895 3187 985 3257 suppl.
1002 3183 1091 3258 ἐμίσει
1105 3184 1194 3243 αὐτὸν
1209 3188 1270 3259 καὶ]
1286 3186 1382 3243 ἔπεισε

238 3270 331 3343 μισθῷ
356 3270 489 3338 Μέλητον
512 3263 647 3340 α’σεβείας
670 3264 784 3335 γραφὴν
809 3266 911 3320 δοῦναι
933 3263 1006 3321 κατά
1031 3263 1208 3335 Σωκράτους.
1246 3265 1385 3338 μέμνηται

238 3351 344 3412 Λυσίας
366 3346 397 3404 έν
421 3345 591 3417 Σωκράτους
614 3342 752 3419 ἀπολογίᾳ
775 3347 823 3400 καὶ
842 3349 982 3415 Ξενοφῶν
1001 3343 1106 3417 ὁμοίως
1132 3345 1181 3401 καὶ
1202 3343 1386 3415 Ἀριστόξενος

240 3425 272 3484 ἕν
295 3431 332 3503 τῷ
351 3425 521 3496 Σωκράτους
546 3429 597 3500 βίῳ
616 3433 656 3494 ††
676 3424 845 3496 Θεόπομπος
868 3426 900 3483 δὲ
920 3423 1120 3494 Στρατιώτισιν
1141 3421 1270 3499 Ἐμβάδα
1293 3423 1383 3483 αῦτόν

238 3508 300 3566 εἷπε
320 3506 397 3579 παρὰ
418 3510 466 3578 τῆς
486 3505 625 3579 ἐμβάδας,
650 3503 713 3562 ἐπεὶ
736 3508 784 3561 καλ
798 3503 943 3576 Ἄρχιππος
965 3503 1088 3576 Ἰχθύσιν
1112 3506 1152 3570 είς
1170 3506 1273 3563 σκυτέα
1293 3502 1383 3563 αῦτδν

238 3589 351 3646 σκώκει.
389 3590 467 3654 Quod
487 3588 602 3643 aliunde
621 3587 732 3642 fluxisse
752 3588 835 3643 docet
854 3589 1002 3653 Μολίονα,
1021 3588 1056 3642 de
1075 3587 1159 3642 schol.
1176 3588 1217 3641 Pl.
1233 3606 1259 3658 p.
1275 3595 1310 3643 ⁶9
1327 3606 1383 3657 seq.

308 3667 443 3725 LXVIIIb
463 3687 516 3722 om.
533 3670 669 3723 Wesierm.
702 3670 783 3724 Certe
803 3685 836 3722 ex
854 3667 925 3722 libro
948 3668 1013 3736 περὶ
1031 3664 1189 3737 ὁμωνύμων
1208 3669 1383 3738 deprompsit

236 3749 399 3818 Hesychius.
419 3750 460 3803 Cf.
477 3768 500 3804 v.
512 3745 672 3818 Πάμφιλος,
686 3747 870 3816 Πρωτογένης
925 3753 942 3800 4
957 3745 1078 3802 Πυθέου
1089 3752 1164 3799 ΑΒΕ
1180 3750 1295 3804 Πυθίου
1310 3750 1384 3818 υιιίγ.

308 3828 397 3883 LXIX
420 3830 496 3882 Eud.
522 3847 548 3896 p.
571 3834 628 3881 107.
667 3827 707 3881 Os.
731 3845 756 3882 v.
780 3822 915 3891 Ἀντέρως.
953 3827 1069 3881 Tractat
1091 3825 1193 3880 Miiller
1215 3826 1252 3881 ΙΙΙ
1276 3846 1303 3897 p.
1322 3836 1384 3885 506.

237 3910 372 3966 consulas
388 3909 474 3963 etiam
487 3909 583 3973 Ικίινε,
601 3907 713 3970 Quaest.
725 3923 767 3973 ep.
778 3926 804 3975 p.
818 3915 830 3960 1
842 3924 898 3975 seq.
936 3902 978 3960 ὃὸ
995 3908 1195 3975 Πλειστονίκης
1209 3908 1264 3976 (vel
1281 3911 1383 3978 ·είκης)

237 4008 313 4045 more
328 3990 453 4043 Romano
473 3988 575 4056 Apioni
594 3988 622 4040 in
647 4002 800 4054 cognomen
819 3986 919 4040 abiisse
942 3985 1052 4040 monuit
1070 3987 1182 4055 praeter
1204 3985 1276 4040 alios
1295 3988 1384 4043 Ικλτε

238 4074 255 4127 l.
275 4088 344 4140 οη).
360 4076 393 4124 23
413 4071 502 4123 nom
527 4068 572 4136 (cf.
597 4066 682 4122 Clem.
707 4067 750 4120 Al.
775 4066 876 4120 Strom.
902 4066 910 4117 1
935 4083 962 4135 p.
982 4071 1049 4131 2353
1073 4063 1144 4118 Gell.
1164 4064 1197 4133 V,
1223 4068 1267 4134 14)

239 4159 271 4208 10
289 4150 417 4219 θρεπτοῦ
436 4148 506 4202 coni.
525 4148 626 4202 Rome.
642 4176 650 4189 ·
666 4146 791 4200 Ceterum
812 4166 837 4200 v.
858 4146 993 4207 Schmidt,
1018 4145 1080 4200 Did.
1100 4163 1127 4213 p.
1148 4152 1172 4212 ’1,
1197 4145 1382 4216 λλ”αοίιεοιιιτλι,

238 4234 331 4305 Symb.
348 4251 374 4301 p.
392 4236 443 4284 140
517 4235 546 4282 11
569 4225 599 4281 δὲ
621 4244 674 4282 om.
690 4231 713 4278 Δ

311 4312 385 4367 LXX
408 4307 680 4374 Hieron-Sophron.
700 4324 722 4358 ο.
745 4312 802 4359 114.
840 4305 881 4357 cf.
905 4320 976 4371 quae
1001 4301 1057 4356 dixi
1077 4301 1146 4355 Mus.
1169 4303 1257 4359 Rhen.
1277 4307 1382 4361 XXXV

236 4415 263 4465 p,
279 4400 340 4460 κοί),
359 4388 474 4445 XXXVI
493 4405 520 4456 p.
535 4390 587 4439 628
659 4391 692 4438 14
710 4386 880 4444 Λαοδικείας
900 4384 1048 4451 sophrmi„
1093 4387 1126 4435 15
1146 4386 1381 4442 ΚωνσταντίουΔ

237 4482 324 4529 vatio.
340 4476 464 4526 romoni
482 4466 696 4523 Κωνσταντίνου
717 4466 786 4533 cuiq.
