3036 5114
227 323 270 387 94
689 325 901 383 HESYCHIUS.

226 488 362 573 τελευτᾷ
386 483 422 552 δὲ
446 486 483 552 ἐν
500 483 659 573 Ἀθήναις
680 488 763 557 ἐπάν
786 487 822 555 α’
840 487 896 556 καὶ
915 486 961 576 μ’,
980 492 1026 555 ἔτι
1044 485 1248 575 τοῦπατρὸς
1267 484 1373 554 αὐτοῦ

225 592 408 677 περιόντος.
458 597 579 680 ἔγραψε
613 594 649 662 δὲ
677 595 731 662 καὶ
759 597 879 682 τέχνην
909 592 1089 683 ῥητορικήν
1117 597 1154 664 ἐν
1183 595 1289 687 μέτρῳ
1315 594 1372 661 καὶ
1398 610 1404 671 ξ

228 694 313 765 άλλα
334 696 410 766 τινὰ
433 700 674 788 καταλογάδην.

316 805 545 875 OOOXLVIII.
586 811 808 896 Θεοδέκτης
838 814 1027 897 Φασηλίτης
1054 807 1180 898 ῥήτωρ,
1207 807 1281 889 υίὸς
1309 812 1372 877 τοῦ

204 913 402 1000 οπροτέρου.
453 919 598 1002 ἔγραψεν
630 914 794 1004 ἐγκώμιον
818 914 1038 1004 Ἀλεξάνδρου
1068 921 1130 984 τοῦ
1155 912 1371 1004 Ἠπειρώτου,

226 1019 376 1107 ίστορικὰ
395 1019 631 1109 ὑπομνήματα,
655 1022 780 1113 νόμιμα
803 1023 1006 1117 βαρβαρικά,
1025 1022 1032 1115 Ι
1050 1024 1172 1110 τέχνην
1190 1021 1371 1112 ῥητορικήν

226 1128 262 1195 ἐν
286 1133 429 1215 βιβλίοις
452 1129 479 1211 ζ’
500 1128 507 1221 Ι
526 1131 580 1198 καὶ
604 1129 688 1199 ἄλλα
710 1128 815 1199 πολλὰ
839 1129 1068 1219 ὑπομνήματα.

316 1237 509 1305 ΟΟΟΧΙιΙΧ.
555 1237 771 1318 Θεοδόσιος
802 1237 998 1327 φιλόσοφος.
1053 1214 1176 1327 ἔνραάε
1209 1237 1370 1327 σφαιρικὰ

230 1345 266 1412 ἐν
288 1350 433 1433 βιβλίοις
455 1344 501 1433 γ’,
524 1342 704 1435 ὑπόμνημα
729 1351 776 1426 είς
797 1344 837 1414 τὰ
861 1350 971 1415 Θευδά
995 1345 1174 1434 κεφάλαια,
1196 1345 1271 1434 περὶ
1294 1343 1371 1434 ἡμε-

190 1455 300 1539 ιῡροὸυ
327 1454 382 1521 καλ
409 1457 540 1522 νυκτῶν
568 1452 614 1540 β’,
645 1451 824 1541 ὑπόμνημα
850 1459 897 1534 είς
919 1452 956 1522 τὰ
978 1451 1197 1543 Ἀρχιμήδους
1218 1455 1370 1541 ἑφόδιον,

227 1559 414 1647 διαγραφὰς
438 1564 552 1629 οίκιοὶν
576 1564 612 1630 ἐν
635 1566 778 1649 βιβλίοις
801 1560 846 1647 γ’,
869 1560 1024 1631 σκεπτικὰ
1047 1560 1228 1650 κεφάλαια,
1252 1558 1369 1648 άστρο-

227 1667 359 1753 λογικά,
383 1668 457 1756 περὶ
482 1667 653 1756 οίκήσεων.

316 1776 433 1844 ecch.
480 1775 703 1858 Θεοδόσιος.
754 1783 876 1867 ἔγραψε
905 1775 950 1846 δι’
980 1780 1068 1847 ἐπῶν
1096 1782 1144 1860 είς
1170 1776 1208 1847 τὸ
1233 1782 1291 1865 ἔαρ
1317 1776 1374 1845 καὶ

228 1884 322 1970 ἕτερα
345 1883 502 1971 διάφορα.
548 1876 592 1971 ἦν
618 1883 655 1953 δὲ
681 1890 886 1972 Τριπολίτης.

188 2008 214 2048 1⁶
317 1991 449 2060 ccctl.
496 1990 702 2079 Θεόδωρος
735 1988 753 2060 ὁ
786 1993 923 2086 ἐπίκλην
947 1991 1083 2087 Ἀδεος,
1116 1991 1154 2074 δς
1185 1989 1373 2080 ἠκροάσατο

227 2096 387 2185 Ζήνωνος
409 2102 469 2169 τοῦ
494 2102 649 2186 Κιτιέως,
678 2098 835 2187 διήκουσε
860 2099 897 2167 δὲ
919 2101 975 2168 καί
998 2100 1181 2189 Βρύσωνος
1203 2100 1259 2168 καὶ
1281 2100 1374 2187 Πύρ·
1392 2110 1443 2149 ’²⁶²²

228 2232 336 2294 ρωνος
364 2210 424 2275 τοῦ
453 2208 643 2293 ἐφεκτικοῦ,
671 2204 877 2295 άδιαφορίαυ
906 2206 1052 2290 δοξάζων
1075 2208 1131 2276 καλ
1154 2204 1371 2295 παραδιδούς.

227 2316 356 2399 αἵρεσιν
381 2316 472 2381 ίδίαν
496 2304 604 2401 εὗρεν,
627 2311 699 2401 ήτις
722 2316 926 2401 Θεοδώρειος
949 2315 1085 2404 ἐκλήθη.
1129 2305 1227 2395 οὗτος
1250 2318 1373 2400 ἔγραψε

227 2419 333 2488 πολλὰ
361 2427 578 2490 συντείνοντα
608 2426 655 2502 είς
682 2420 744 2508 τὴν
773 2426 898 2491 οίκείαν
930 2425 1060 2510 αἵρεσιν
1085 2423 1141 2490 καὶ
1174 2419 1258 2490 ὰλλα
1285 2418 1372 2487 τινά.

190 2546 217 2586 2⁰
232 2516 343 2610 [οὗτος
358 2525 427 2595 εἶπε
441 2527 523 2617 πρὸς
533 2525 727 2616 Ἱππαρχίαν
741 2527 805 2615 τήν
818 2543 962 2616 γυναῖκα
976 2529 1151 2617 Κράτητος
1165 2525 1266 2616 (αὕτη
1281 2527 1373 2595 ἐστὶν

229 2631 250 2719 ἡ
268 2632 326 2715 τὰς
348 2632 431 2740 πρὸς
450 2634 562 2717 ίστοὰς
585 2639 763 2705 ἐκλιποῦσα
782 2640 936 2723 κερκίδας
950 2636 1005 2705 καλ
1019 2642 1168 2726 τρίβωνα
1182 2635 1372 2723 φοροῦσα’.]

299 2894 314 2942 2
339 2887 404 2957 περὶ
423 2888 532 2960 μέτρων
551 2889 692 2956 Μάναλιν,
715 2888 750 2942 de
770 2888 874 2942 Theod.
899 2888 947 2943 vit
968 2906 995 2958 p.
1015 2894 1058 2944 55.
1094 2888 1200 2943 Locum
1224 2903 1257 2941 ex
1277 2884 1374 2955 Steph.

227 2966 291 3037 Byz.
307 2969 324 3025 l.
340 2987 363 3024 e.
384 2970 578 3040 corrigendum
594 2986 653 3025 esse
668 2968 811 3038 perspexit
824 2968 934 3036 Itohde‚
954 2967 1023 3023 Mus.
1038 2967 1126 3024 Rhen.
1141 2966 1257 3022 XXXIV
1270 2985 1296 3036 p
1312 2970 1375 3032 1167,

227 3048 275 3103 ubi
299 3049 458 3119 Stephanus
471 3041 577 3105 'laudet
600 3052 647 3105 καλ
670 3046 771 3118 λόγους
794 3043 960 3118 βητορικοδς
987 3042 1063 3103 ἐπῶν
1086 3049 1138 3102 καί
1158 3046 1217 3117 (ubi
1241 3062 1373 3100 numerus

227 3127 322 3196 latet),
345 3129 418 3184 unde
437 3130 606 3199 Hesychium
623 3130 710 3185 verba
727 3128 813 3183 fontis
833 3127 888 3197 sui,
916 3127 1041 3183 Philonis
1064 3127 1171 3198 Byblii,
1195 3127 1268 3182 male
1291 3123 1375 3179 intel·

228 3208 327 3264 lenisse
346 3210 493 3280 totumque
512 3211 605 3266 locum
624 3208 793 3264 deformasse
812 3211 949 3278 appareat

299 3289 479 3346 cccxhvssl
498 3292 572 3348 Ειιδ.
591 3293 611 3347 l.
631 3309 653 3346 e.
674 3291 809 3345 Tractant
821 3286 923 3342 Maller
941 3286 968 3342 II
990 3307 1017 3358 p.
1037 3293 1102 3357 ³69,
1121 3286 1203 3342 Daub
1225 3287 1245 3343 1.
1264 3303 1302 3355 e.,
1325 3285 1374 3354 qui

228 3390 261 3427 ex
279 3390 334 3427 nno
353 3372 405 3426 Th.
424 3373 494 3427 dnos
512 3373 602 3427 factos
621 3389 680 3428 esse
699 3373 783 3441 putat
855 3361 936 3421 δ’λλ.
953 3387 977 3421 τ.
997 3362 1128 3438 Πριάμου
1148 3363 1205 3435 tyr.
1225 3365 1288 3420 add.
1309 3369 1334 3417 Δ

228 3462 244 3510 6
263 3455 311 3509 καὶ
330 3458 395 3525 post
409 3450 533 3525 [στορικὰ
553 3454 616 3509 add.
635 3453 708 3523 υαλρ.
725 3452 842 3507 ornav
857 3448 932 3502 Eud.
989 3447 1073 3519 τέχνη
1092 3447 1179 3518 patris
1199 3446 1375 3501 Theodeotse

228 3541 272 3591 est
344 3532 403 3591 λά
423 3541 444 3588 E
464 3552 536 3589 man.
555 3535 568 3588 Ι
589 3529 631 3588 ἕνλ
650 3551 718 3589 corr.
739 3527 812 3586 αἸ

299 3614 453 3670 cccxlix
472 3614 548 3669 Eud.
568 3632 595 3683 p.
609 3620 669 3668 369.
694 3612 735 3667 ef.
750 3630 774 3667 v.
793 3603 985 3682 Τριβωνιανὰς
999 3609 1062 3663 Σιδ.
1082 3607 1196 3662 Suidam
1215 3605 1372 3661 contidisse

230 3694 298 3748 duos
317 3698 457 3760 auctores,
476 3694 629 3763 sceptieuni
649 3697 678 3749 et
695 3688 927 3747 mathematicum
942 3690 1064 3758 constat,
1083 3687 1237 3743 Eudoeism
1254 3703 1326 3756 quae
1344 3687 1375 3740 in

228 3775 281 3828 hae
299 3775 359 3829 vita
376 3773 516 3829 addiderit
536 3775 701 3842 Τριπολίτης
719 3773 804 3826 trium
823 3769 944 3824 virorum
963 3769 1037 3825 vitas
1055 3769 1232 3839 perturbasse
1251 3769 1331 3837 patet

229 3862 244 3908 9
266 3856 358 3928 βιβλία
373 3850 395 3922 γ’
411 3859 434 3905 V
484 3847 709 3923 duopvp'pawli
766 3858 797 3905 11
818 3847 915 3904 οίκιῶν
930 3880 963 3889 -
978 3845 1040 3920 ἤτοι
1059 3848 1123 3917 περὶ
1142 3844 1282 3917 οἰκήσεων,
1298 3846 1375 3902 Eud.

300 3933 386 3989 0ch
405 3934 481 3988 Eud.
500 3951 527 4003 p.
547 3940 599 3988 370
661 3941 693 3987 14
712 3932 823 3988 cuinam
842 3948 857 3985 e
875 3930 1037 3985 Theodosiis
1056 3928 1205 3984 conveniat
1223 3927 1293 3982 illud
1311 3931 1373 3996 Τρι-

228 4017 349 4083 αολίτ-ης,
369 4014 496 4081 dubium;
515 4015 581 4068 huic
596 4014 762 4083 Theodosio,
783 4031 864 4082 quem
879 4013 1056 4069 Theodotum
1074 4011 1170 4077 vocat,
1190 4024 1301 4063 carmen
1323 4013 1373 4061 120

228 4113 357 4152 versuum
377 4092 417 4156 είς
435 4090 466 4148 τὰ
493 4091 543 4162 ἔαρ
566 4095 731 4164 inscriptum
755 4098 784 4148 et
802 4093 908 4148 editum
929 4112 947 4148 a
965 4092 1086 4148 Cramer.
1106 4088 1209 4143 Anecd.
1229 4087 1315 4141 Paris.
1335 4086 1373 4141 lv

230 4196 257 4248 p.
277 4182 328 4231 348
347 4173 447 4229 tribuit
464 4172 606 4240 Meineke‚
626 4175 705 4230 Anal.
724 4193 751 4244 p.
772 4172 822 4227 Vll
842 4178 870 4230 et
887 4192 914 4243 p.
935 4179 986 4227 403

300 4255 402 4312 ccctl
428 4261 460 4308 16
476 4249 648 4322 ΠάρωνοςΔ
666 4253 827 4324 interpunxi
846 4272 909 4309 eum
925 4254 1062 4309 Westerm.
1082 4250 1130 4304 καλ
1154 4251 1220 4303 ante
1238 4243 1374 4318 άδιαφορ.

230 4337 348 4395 inseruit
360 4338 509 4402 diastema,
531 4334 561 4388 δὲ
583 4337 647 4404 post
664 4331 710 4390 άδ,
724 4335 903 4406 Bernhardy,
922 4335 1039 4402 uterque
1057 4330 1123 4401 post
1142 4324 1294 4396 ἔφεκτικοῦ
1313 4328 1373 4398 ple-

232 4421 294 4475 nius
314 4419 488 4489 distingusns
542 4420 577 4469 20
596 4405 678 4477 οὗτος
693 4446 725 4456 -
740 4416 786 4471 fin.
801 4414 905 4469 Suidas
923 4431 957 4468 ex
976 4411 1056 4483 Πίος.
1072 4409 1123 4475 Vl,
1141 4412 1175 4461 98
1194 4407 1375 4478 deprompsit,

231 4500 326 4570 itaque
346 4497 465 4569 expunxi
536 4501 569 4549 21
590 4495 684 4566 Enrip.
703 4494 804 4551 Bacch.
826 4501 893 4550 1234
965 4492 1014 4547 καὶ
1033 4507 1091 4559 seq.
1110 4506 1165 4545 om.
1184 4487 1266 4558 Diog.
