3036 5114
653 329 868 386 HESYCHIUS.
1272 329 1334 392 155

80 584 85 590 ·
189 496 265 585 περὶ
287 493 520 583 άντιρρητικῆς
542 494 673 579 τέχνης,
695 490 995 579 προγνμνάσματα,
1018 491 1164 578 μελέτας,
1190 489 1334 577 ἐγκώμια
1407 503 1411 511 ’

191 604 246 672 καί
270 600 354 670 άλλα
378 609 522 670 πλεῖστα.

278 710 486 777 DLXXXVI.
507 705 709 795 Όνήσιμος
723 760 730 774 .
746 760 753 774 .
767 759 775 776 .
791 705 979 794 [ὠφέλιμος.
1002 707 1057 774 καὶ
1073 706 1181 792 ὄνομα
1191 705 1334 794 κύριον].

279 818 504 885 DLXXXVII.
528 813 789 903 Ὀνόσανδρος
812 813 999 907 φιλόσοφος
1022 815 1246 892 Πλατωνικός.
1279 839 1336 881 τα-

190 924 298 1009 κτικά,
325 925 400 1009 περὶ
431 924 723 1024 στρατηγημάτων,
749 920 970 1010 ὑπομνήματα
996 925 1043 1002 είς
1065 919 1127 1008 τὴν
1154 920 1361 1000 Πλάτωνοςῡ

192 1037 362 1101 πολιτείαν
377 1085 384 1098 .
399 1085 406 1100 .
422 1083 429 1100 .

279 1140 522 1207 DLXXXVIII.
547 1134 785 1218 Ὀππιανὸς
805 1138 901 1220 Κίλιξ
919 1135 984 1206 άπὸ
1010 1136 1177 1225 Κωρύκου
1199 1135 1336 1221 πόλεως,

191 1244 416 1335 γραμματικὸς
442 1245 497 1312 καλ
526 1242 697 1329 ἐποποιός,
724 1243 870 1331 γεγονὼς
894 1245 946 1313 ἐπὶ
971 1244 1116 1332 Μάρκου
1135 1242 1337 1312 Ἀντωνίνον

191 1355 360 1441 βασιλέως.
398 1349 568 1420 ἁλιευτικὰ
586 1354 623 1420 ἐν
642 1356 784 1438 βιβλίοις
803 1350 843 1437 ε’,
861 1349 1059 1440 κννηγετικά
1078 1353 1115 1420 ἐν
1133 1355 1277 1438 βιβλίοις
1296 1349 1337 1434 cl,

192 1460 335 1542 ίξευτικὰ
361 1466 475 1547 βιβλία
497 1458 542 1546 β’.
582 1457 887 1545 [ἀναγνωσθέντων
911 1459 949 1528 δὲ
970 1463 1040 1527 τῶν
1060 1457 1256 1546 ποιημάτων
1278 1453 1336 1525 αὐ·
1351 1476 1377 1516 1⁰

195 1571 254 1636 τοῦ
277 1568 330 1636 ἐπὶ
353 1572 413 1636 τοῦ
436 1564 695 1654 αὐτοκράτορος,
715 1565 906 1655 ἐδωρήσατο
934 1563 1024 1659 αὐτῷ
1043 1564 1126 1654 πρὸς
1145 1567 1204 1633 ἕνα
1223 1568 1337 1651 στίχον

193 1677 230 1743 ἐν
250 1675 356 1765 μέτρω
376 1676 521 1762 στατῆρα
539 1676 705 1761 χρυσοῦν,
725 1670 834 1760 ἤγουν
853 1671 1009 1761 νόμισμα,
1033 1669 1078 1752 ὥς
1098 1678 1214 1759 λαβεῖν
1234 1668 1338 1739 αὐτὸν

196 1782 250 1851 ἐπὶ
272 1785 354 1849 πᾶσι
376 1779 592 1868 νομισμάτων
614 1778 781 1871 μυριάδας
803 1779 861 1873 βλ]

283 1889 490 1957 DLXXXIX.
536 1885 780 1974 Ὀρειβάσιος
815 1886 1025 1975 Σαρδιανός,
1061 1885 1229 1985 γνώριμος
1259 1882 1339 1954 Ἰου·
1392 1892 1474 1939 ἰών

75 1994 96 2032 “’”
194 1999 315 2066 λιανοῦ
345 1999 407 2064 τοῦ
432 1992 605 2080 Ῥωμαίων
638 1994 815 2081 βασιλέως,
850 1995 905 2062 καὶ
934 1999 1113 2078 κοιαίστωρ
1143 1990 1200 2062 ὑπ’
1234 1990 1339 2061 αὐτοῦ
1354 2013 1379 2052 ¹⁶

195 2101 415 2182 κατασταθείς
438 2107 701 2170 Κωνσταντίνου
723 2100 859 2182 πόλεως.
907 2105 1030 2188 ἔγραψε
1052 2099 1135 2189 πρὸς
1158 2098 1238 2180 τοὺς
1259 2097 1341 2168 άπο-

195 2215 341 2306 ροῦντας
362 2212 430 2278 τάν
454 2212 579 2297 ίατρῶν
601 2213 714 2295 βιβλία
738 2207 783 2295 δ’,
805 2206 896 2297 πρὸς,
909 2205 1098 2277 Ἰουλιανὸν
1120 2206 1179 2278 τὸν
1202 2209 1340 2295 βασιλέα

194 2323 307 2405 βιβλία
329 2319 394 2404 οβ’,
422 2312 581 2402 ἐπιτομὴν
605 2312 717 2384 αὐτῶν
741 2316 777 2383 ἐν
800 2320 944 2402 βιβλίοις
965 2313 1014 2399 θ’,
1038 2314 1121 2404 πρὸς
1142 2311 1340 2385 Εὖστάθιον

196 2424 257 2493 τὸν
281 2421 360 2493 υίὸν
382 2425 438 2492 καλ
460 2424 535 2512 περὶ
558 2427 728 2510 βασιλείας
749 2423 805 2492 καλ
828 2424 903 2512 περὶ
926 2427 1058 2492 παθῶν.

283 2533 381 2601 Dxc.
419 2529 603 2619 Ὀρφεὺς
633 2528 836 2618 Λειβηθρων
863 2532 932 2598 τῶν
961 2532 998 2598 ἐν
1024 2529 1137 2621 Θρᾴκη
1166 2529 1277 2620 (πόλις
1304 2531 1381 2599 δέν

196 2642 286 2708 ἐστιν
313 2636 378 2707 ὑπὸ
406 2641 446 2727 τῇ
474 2642 625 2727 Πτερίη),
656 2634 729 2716 υίὸς
757 2634 907 2722 Οἰάγρου
933 2639 988 2705 καὶ
1016 2637 1223 2723 Καλλιόπης·
1256 2635 1274 2705 ὁ
1304 2636 1342 2705 δὲ

197 2755 341 2834 Οἴαγρος
372 2747 517 2833 πέμπτος
547 2735 591 2831 ἦν
625 2739 689 2812 άπὸ
713 2740 908 2831 Ἄτλαντος,
939 2741 1021 2812 κατὰ
1046 2742 1230 2833 Ἀλκυόνην
1261 2749 1342 2832 μίαν

267 2908 433 2963 DLXXXVI
451 2908 487 2963 ad
505 2905 668 2962 historicum
686 2903 798 2959 rettulit
817 2906 922 2961 Μιλλίιτ

267 2988 446 3044 DLXXXVII
463 2986 552 3043 Huiua
571 2984 693 3042 auctoris
708 2984 811 3040 librum
824 2983 1016 3057 Στρατηγικίς
1034 2986 1118 3042 hodie
1136 2984 1228 3041 adhue
1247 2986 1342 3042 extare

195 3068 305 3123 monuit
322 3069 459 3124 Κιιιίιτιια
530 3062 618 3135 λτήν
637 3061 788 3128 Πλάτωνος
806 3070 950 3123 πολιτείαν
969 3083 1038 3124 corr.
1054 3067 1192 3124 Νινίων.
1256 3061 1342 3128 στάς

199 3180 233 3190 -
251 3150 394 3211 πολιτείας
411 3150 498 3220 ναίμς
518 3148 552 3204 ef.
571 3166 597 3202 v.
616 3141 786 3216 Μάναιχμος
956 3167 965 3191 r

269 3227 460 3283 DLXXXVlll
487 3225 677 3294 calensem,
696 3225 731 3281 de
750 3226 820 3299 Opp.
839 3246 867 3298 p.
882 3227 1011 3298 uffioth.
1028 3230 1115 3298 1876).
1142 3231 1218 3284 Duos
1236 3230 1342 3299 poetas,

197 3309 326 3378 Cilicem,
345 3309 394 3378 qui
411 3310 546 3379 regnante
560 3307 655 3362 Marco
669 3306 785 3363 Aurelio
803 3307 883 3375 vixit,
901 3308 1021 3379 Syrium,
1040 3312 1175 3380 regnante
1190 3309 1341 3379 Caracalla,

195 3389 242 3444 hie
265 3389 395 3445 eoufueoa
418 3406 478 3444 ease
500 3387 597 3444 docuit
615 3386 726 3458 Rehde,
744 3387 814 3442 Mus.
834 3388 922 3444 Rhen.
942 3388 1059 3444 XXXIII
1082 3407 1109 3460 p.
1131 3395 1194 3459 1⁷2,
1217 3391 1342 3445 Marcum

195 3470 368 3525 Antoninum
387 3472 416 3526 et
432 3467 629 3525 M.-Aurelium
648 3470 677 3523 ei
695 3466 868 3524 caracallam
886 3469 1043 3539 significare
1062 3485 1178 3524 monens

196 3549 358 3621 θίγραψεν
377 3550 440 3607 add.
459 3551 531 3619 υαλρ.
551 3566 604 3605 om.
625 3554 648 3604 Δ
752 3554 785 3602 10
807 3548 878 3606 haee
901 3549 1050 3620 descripsit
1070 3549 1173 3605 auidae
1197 3566 1238 3627 er¹
1253 3550 1343 3624 altera
1374 3610 1377 3615 ¹

197 3630 396 3704 Oppianivita
414 3632 452 3702 (p.
473 3637 507 3686 64
525 3631 570 3686 vel
590 3636 632 3698 66,
647 3636 664 3683 4
677 3628 837 3699 Weaiarm.)

268 3712 435 3767 DLXXXIX
454 3727 508 3766 om.
523 3711 659 3766 Weaterm.
697 3710 841 3767 Oribaaiua
863 3712 939 3782 apud
958 3710 1115 3783 Eunapium
1134 3711 1147 3765 I
1166 3730 1192 3783 p.
1209 3718 1273 3781 103,
1294 3710 1342 3766 ubi

194 3788 350 3864 Όριβάσιος
368 3793 498 3858 voratur,
521 3794 565 3847 eei
581 3793 783 3863 Pergamenus,
807 3808 863 3847 non
882 3792 1040 3848 Sardianus.
1076 3793 1118 3848 De
1142 3809 1177 3848 eo
1195 3792 1230 3850 ef.
1249 3793 1343 3848 Philo-

197 3875 281 3943 κτους.
305 3871 377 3928 Hiet.
392 3872 459 3927 ecel.
474 3889 501 3942 p.
516 3877 576 3927 ⁶20.
605 3873 717 3944 Scripta
734 3875 880 3930 enumerat
898 3872 984 3929 etiam
998 3873 1079 3930 Phor.
1094 3873 1162 3929 bibl.
1177 3893 1204 3945 p.
1222 3881 1272 3930 173
1285 3891 1341 3944 seq.

200 3960 232 4009 15
256 3953 307 4008 τοῦ
330 3947 498 4024 παραβάτου
521 3953 583 4008 edd.
607 3957 714 4009 vetut
738 3953 789 4009 τοῦ
808 3950 887 4025 ‘Pap
912 3956 972 4025 βασ.
993 3958 1040 4006 ΔΒ
1128 3960 1158 4008 17
1186 3952 1342 4024 Epistulam

198 4033 298 4088 iuliani
312 4032 390 4087 XVII
403 4032 440 4088 ad
454 4032 611 4088 Oribaeium
626 4034 759 4123 aariptpm
774 4051 834 4089 esee
849 4033 958 4090 monuit
971 4034 1108 4089 Κιιτλττιιι
1162 4041 1196 4090 18
1211 4037 1304 4109 βιβλία
1318 4031 1341 4090 o‘

198 4117 307 4170 tantum
331 4114 430 4168 laudat
451 4112 532 4168 Phot.
555 4131 582 4183 p.
603 4119 654 4168 1⁷4
676 4114 748 4186 (eod.
768 4117 831 4185 217)
859 4113 984 4171 eiusdem
1012 4109 1149 4186 ἐπιτομὴν
1178 4115 1344 4186 compilavit

199 4195 279 4250 Phot.
300 4192 359 4250 eod.
379 4200 431 4248 218

269 4272 342 4329 DXO
364 4273 500 4343 Pleraque
524 4272 639 4330 exhibet
656 4275 731 4332 Eud.
754 4294 781 4346 p.
796 4281 847 4331 52⁶
858 4293 915 4346 aeq.
953 4275 993 4332 Gi.
1013 4275 1099 4332 Clem.
1118 4276 1196 4331 Alex.
1212 4275 1312 4328 Strom.
1329 4273 1342 4326 1

198 4375 226 4425 p.
240 4360 306 4421 244;
325 4353 450 4421 Lobeck,
470 4353 608 4424 Aglaoph.
628 4355 640 4408 I
658 4373 685 4426 p.
706 4361 757 4411 865
772 4374 842 4428 eeq.;
861 4356 968 4426 Bergk,
987 4356 1040 4412 Lii.
1061 4357 1106 4412 Gr.
1126 4357 1139 4409 I
1157 4374 1183 4425 p.
1203 4361 1257 4409 396
1270 4372 1340 4425 aeq.;

198 4435 289 4504 Daub,
307 4435 343 4490 de
357 4434 432 4489 Suid.
448 4451 474 4502 p.
485 4439 551 4502 4163
569 4433 669 4504 Maean,
684 4435 777 4509 Biogr.
791 4457 819 4509 p.
832 4444 895 4505 1263
915 4437 1021 4505 nonde,
1038 4436 1109 4492 Mne.
1124 4437 1211 4493 Rhea.
1226 4436 1341 4492 XXXVI

198 4533 225 4585 p.
240 4519 293 4569 394
365 4519 399 4568 20
418 4508 587 4585 Δειβήθρων
607 4515 742 4584 Gaiasord
758 4519 912 4589 Λιβηθρῶν
931 4523 954 4573 Δ
972 4512 1133 4588 Δηβήθρων
1150 4519 1223 4588 vulp.
