3036 5114
559 336 845 394 Paonnoonnun.
1215 333 1275 388 lilll

131 503 295 589 Magnetis
315 504 414 588 libro,
433 525 627 588 quamquam
642 502 722 566 satis
738 500 936 567 confidenter
950 500 989 564 de
1008 499 1068 565 hac
1088 501 1277 584 quaestione

131 611 310 696 disputavit
329 610 432 695 Daub,
447 608 536 676 Stud.
546 633 577 695 p.
591 610 661 674 145.
685 609 765 674 Rem
784 607 949 693 perspexit
963 605 1064 688 Diels,
1079 606 1162 672 Mus.
1174 606 1277 672 Rhen.

128 717 236 783 XXXI
256 742 288 804 p.
305 720 348 784 30
365 722 447 802 not,
466 718 520 803 qni
537 718 609 782 coll.
624 717 718 802 Diog.
738 715 799 800 lX,
812 718 854 781 41
877 710 1036 802 (Appia.)
1059 736 1097 778 ex
1119 715 1277 799 temporie

128 826 253 890 ratione
281 848 347 891 non
373 806 479 910 ipsum
504 824 703 889 Demetrium
728 823 869 909 Diogeni
893 822 1025 888 Laertio
1048 821 1276 907 Hesychioque

129 934 213 998 vitas
245 932 491 998 administrasse
515 932 609 1014 vidit,
638 932 693 997 sed
718 932 964 1015 epitomatorem
988 929 1201 1013 posteriorem
1225 929 1277 992 vel

128 1044 293 1106 auctorem
317 1041 472 1125 aliquem,
496 1041 549 1125 qui
574 1039 775 1105 Demetrium
801 1039 1039 1122 compilaverat.
1047 1037 1071 1121 ¹)
1118 1036 1210 1113 Quod
1239 1058 1276 1102 eo

127 1146 282 1212 libentius
311 1147 434 1213 Dielsio
462 1147 666 1231 crediderim,
693 1169 765 1212 curn
795 1168 895 1210 unum
920 1143 1037 1210 Snidae
1066 1144 1186 1227 locum,
1213 1165 1276 1230 quo

128 1253 330 1320 Demetrium
359 1254 543 1340 Magnetem
578 1252 615 1319 ἐν
647 1254 708 1319 τοῦ
741 1249 816 1336 περὶ
850 1247 1040 1337 ὁμωνύμων
1067 1251 1214 1335 ποιητῶν
1242 1274 1276 1316 τε

127 1359 183 1426 καὶ
215 1360 437 1446 συγγραφέων
471 1360 524 1448 (cf.
557 1359 650 1447 Diog.
675 1359 719 1443 V,
749 1356 784 1445 3)
818 1358 943 1424 laudari
976 1358 1054 1423 olim
1086 1360 1213 1443 putavi,
1247 1382 1277 1426 v.

125 1464 257 1551 Ἰσαῖος,
276 1490 360 1534 nunc
380 1470 499 1554 potius,
518 1468 666 1554 quemvis
689 1467 880 1532 adversante
895 1465 1033 1547 Deubio,
1054 1464 1143 1530 Stud.
1156 1487 1187 1549 p.
1206 1467 1277 1549 147,

128 1575 169 1640 ad
196 1574 502 1661 Harpocrationem,
531 1577 634 1660 ipsius
663 1574 779 1640 Suidae
808 1576 946 1655 fontem,
978 1597 1076 1658 qnam
1105 1575 1145 1640 ad
1174 1574 1276 1657 Hesy-

129 1683 239 1748 chium
265 1685 384 1750 referre
408 1683 561 1768 malim.²)
602 1683 773 1769 Utcunque
798 1687 906 1747 autem
930 1705 981 1747 res
1005 1704 1039 1747 se
1063 1681 1176 1766 habet,
1198 1704 1276 1745 num

131 1790 216 1856 lsaei
243 1792 311 1856 vite
335 1791 478 1856 Suidana
507 1792 548 1856 ab
574 1790 738 1876 Hesychio
765 1790 912 1876 profecta
940 1790 996 1873 sit,
1028 1792 1114 1854 certe
1141 1788 1275 1853 dubium

128 1900 187 1962 est.
237 1898 351 1982 Itaque
383 1898 421 1963 de
451 1897 688 1984 Argesiphonte
724 1896 790 1982 (vel
826 1918 864 1961 eo
897 1897 1004 1980 potius
1040 1897 1094 1981 qui
1126 1895 1188 1960 hoc
1219 1917 1276 1959 no·

129 2005 215 2068 mine
234 2005 352 2071 vitioso
375 2004 491 2089 utitur)
514 2005 632 2073 rectius
652 2005 795 2090 cogitare
814 2026 943 2068 necesse
964 2007 1027 2086 est,
1050 2024 1143 2088 quem
1163 2003 1275 2067 multis

128 2111 223 2175 annis
247 2116 322 2195 post
345 2112 559 2195 Demetrium,
588 2112 727 2177 fortasse
751 2110 917 2175 Hadriano
941 2111 1133 2193 imperante,
1157 2111 1275 2175 vixisse

129 2240 278 2284 conicias.

217 2343 265 2408 De
289 2344 513 2429 Damascio‚
537 2344 639 2410 altero
654 2343 922 2429 philosophorum
941 2344 1040 2428 fonte,
1060 2343 1126 2407 dixi
1146 2341 1274 2408 Unters.

127 2473 158 2534 p.
173 2451 216 2515 60
240 2451 310 2516 coll
334 2474 364 2516 v.
388 2449 519 2533 Γέσιος,
545 2449 766 2537 Δομνῑνοςθ),
797 2451 930 2535 Δῶρος,
956 2444 1159 2534 Ἐπίκτητος,
1191 2445 1274 2515 Εὐο-

128 2553 254 2641 deceris,
275 2553 458 2642 Ἰσίδωρος,
478 2559 634 2643 Σεβῆρος
653 2559 693 2623 al.
731 2557 831 2623 Cuius
851 2558 889 2622 de
914 2557 1031 2623 Isidori
1054 2559 1124 2622 vita
1147 2558 1275 2642 librum,

127 2687 199 2729 cum
223 2664 321 2730 etiam
347 2665 462 2731 Suidas
487 2671 635 2732 accurate
659 2667 799 2748 noverit,
830 2666 958 2750 saepius
987 2688 1073 2747 eum,
1102 2669 1274 2750 postquam

128 2774 293 2837 enarravit
307 2774 409 2838 vitam
425 2773 679 2858 Hesychianem,
698 2773 836 2858 amplius
852 2773 1045 2857 compilasse
1061 2794 1158 2856 supra
1172 2771 1274 2837 docui.

218 2897 348 2963 Praeter
377 2897 557 2985 Diogenem
586 2894 786 2983 (fontemque
810 2897 981 2984 Diogenis)
1011 2901 1043 2963 et
1066 2897 1274 2963 Damascium

127 3025 357 3089 nonnunquam
381 3005 479 3070 etiam
505 3005 715 3091 Porphyrii
743 3001 934 3090 φιλόσοφον
963 3003 1147 3091 caseatae-¹)
1172 3004 1273 3090 Hesy-

128 3110 220 3176 chius
253 3111 401 3196 adscivit,
439 3135 534 3198 quem
571 3135 672 3197 usque
706 3112 746 3177 ad
779 3112 926 3177 Platonis
960 3117 1100 3178 aetatem
1134 3114 1274 3199 philoso-

128 3217 211 3301 phos
234 3222 392 3284 tractasse
417 3221 515 3286 tradit
537 3219 662 3304 Eunap.
687 3218 752 3285 Vit.
775 3217 872 3304 Soph.
891 3220 907 3284 I
925 3221 991 3304 p.3
1010 3219 1128 3306 Boias,
1157 3221 1273 3306 quibus

129 3323 228 3388 etiam
250 3323 398 3431 Diamnis
422 3325 598 3410 discipulos
623 3330 656 3390 et
679 3346 880 3391 successores
901 3349 973 3392 eum
998 3327 1158 3393 addidisse
1182 3350 1220 3393 ex
1245 3352 1274 3394 v.

200 3591 226 3657 1)
250 3589 290 3645 cf.
310 3590 396 3645 etiam
414 3589 520 3658 Mases,
538 3589 632 3659 Biogr.
647 3607 674 3658 p.
694 3596 728 3645 36
747 3592 776 3644 et
795 3608 819 3644 v.
836 3589 1037 3660 Wilamowita,
1062 3593 1194 3662 Antigon.
1219 3611 1273 3649 von

127 3667 193 3724 Kar.
213 3688 239 3739 p.
261 3676 311 3725 104
331 3671 388 3725 not.
408 3677 433 3737 6,
453 3688 479 3739 p.
495 3676 546 3725 241
567 3673 596 3725 et
613 3688 640 3740 p.
655 3675 707 3724 629
722 3687 777 3740 seq.

197 3764 225 3826 2)
247 3758 340 3826 Adde,
363 3759 439 3828 qnod
453 3759 626 3815 Demetrium
645 3759 781 3814 Phalerea
799 3760 846 3815 hic
865 3759 993 3830 intellegi
1016 3760 1129 3831 putavit
1148 3761 1272 3817 Westcr·

127 3855 224 3908 mann,
247 3855 298 3894 nec
321 3840 411 3894 minus
434 3840 526 3911 Biogr.
550 3859 575 3910 p.
592 3846 658 3905 285,
677 3845 724 3908 46,
748 3841 821 3909 qnod
847 3841 891 3894 vel
917 3840 1007 3910 Biogr.
1027 3860 1054 3911 p.
1075 3849 1140 3909 266,
1161 3849 1194 3897 ³4
1213 3846 1271 3899 not.

127 3919 284 3975 confirmari
307 3920 463 3976 videbatur.
499 3920 592 3990 Atque
606 3920 820 3976 Westermenno
839 3918 1005 3988 adstipulari
1029 3920 1140 3975 videtur
1159 3923 1272 3978 criticus

126 4001 155 4054 in
174 3998 245 4054 Phil.
265 4002 331 4053 Ana.
353 4000 404 4053 Vll
423 4018 449 4069 p.
471 4006 529 4056 124.
563 3999 691 4056 Ceterum
715 4000 833 4055 eundem
854 4000 1004 4071 intellegas
1024 4001 1053 4055 in
1072 4000 1186 4071 Dionys.
1207 4005 1271 4061 Hal.

127 4079 187 4135 vita
206 4080 278 4134 Isaei
296 4098 322 4149 p.
343 4085 408 4148 260,
428 4086 443 4134 3
464 4080 550 4136 Weet.
570 4076 608 4142 ὡς
627 4074 655 4133 δ’
676 4078 766 4150 ἕτεροι
784 4078 925 4150 γράφουσι
945 4079 1110 4144 Χαλκιδεύς,

198 4171 225 4237 6)
248 4167 290 4222 De
309 4166 375 4224 vitis
392 4168 468 4223 Genii
487 4172 516 4223 et
534 4168 665 4223 Domnini
684 4170 718 4227 cf.
738 4188 809 4240 qnae
828 4171 857 4224 in
876 4170 965 4226 altero
984 4169 1205 4242 Prolegomenon
1225 4191 1271 4228 ca-

127 4249 185 4319 pite
204 4249 239 4303 de
257 4247 400 4304 Endociae
420 4249 545 4306 Violario
566 4250 631 4306 dixi.

198 4340 225 4406 4)
250 4336 290 4391 De
313 4336 397 4391 titulo
421 4336 576 4408 φιλόσοφος
599 4337 705 4409 [crepta
729 4341 795 4408 (non
819 4341 883 4408 περὶ
902 4339 1060 4412 φιλοσόφου
1080 4339 1211 4410 ἱστορίας)
1235 4342 1269 4396 cf.

126 4416 217 4485 Diels,
236 4418 355 4488 Doxogr.
375 4438 401 4487 p.
417 4424 477 4473 258.
515 4419 596 4477 Certe
620 4437 675 4474 non
699 4421 808 4475 diversa
831 4424 874 4475 est
897 4421 933 4476 ab
956 4423 1079 4477 eiusdem
1099 4421 1170 4476 libro
1190 4418 1270 4490 φιλό-

127 4516 215 4568 σοφος
233 4501 413 4570 woroime,
432 4517 517 4570 qnam
535 4500 634 4555 laudat
652 4501 757 4556 Malala
775 4519 801 4571 p.
818 4507 860 4569 66,
877 4507 918 4556 10,
