3036 5114
239 318 328 373 LVIII
671 318 954 376 PROLIIGOMENII.

240 485 324 548 maai
348 483 601 569 Hephaestionis
624 483 772 549 historiis
795 484 1017 568 compilatam,
1045 482 1212 568 Διογένης
1228 478 1322 549 ‘laea
1346 506 1385 549 ex

241 590 337 676 Diog.
356 589 462 654 Laert.
481 589 542 674 VI,
563 591 604 654 74
622 611 696 674 seq,
722 590 851 673 Φρῦνις
874 612 911 655 ex
936 591 1035 656 schol.
1057 593 1110 657 Ar.
1128 589 1213 656 Nub.
1231 592 1306 657 967.
1397 601 1398 605 ’

157 702 218 781 §a
330 694 448 762 Moneo
481 698 595 781 etiam,
628 696 660 761 id
690 697 774 781 quod
804 719 916 763 omnes
944 697 1045 783 fugit,
1077 699 1162 763 vitas
1194 700 1386 783 pictorum

238 798 405 887 Ἀπελλῆς,
438 801 630 889 Πάμφιλος,
659 802 881 888 Πρωτογένης
904 827 942 870 ex
971 805 1054 871 libro
1080 803 1155 889 περὶ
1183 799 1386 889 ὁμωνύμων,

239 912 379 978 fortasse
403 911 695 998 Argesphontis
720 911 771 976 vel
797 912 879 995 eius,
903 912 958 996 qui
981 911 1043 977 hoe
1066 913 1196 977 nomine
1220 912 1388 998 gloriatur,

240 1018 404 1104 Hesychio
429 1018 652 1103 suppeditatas
676 1025 754 1083 esse.
792 1015 926 1082 Maassii
945 1018 1068 1104 (Biogr.
1088 1043 1117 1104 p.
1133 1021 1176 1084 24
1196 1017 1275 1106 seq.)
1298 1019 1385 1085 eninr

239 1147 343 1211 nugas
368 1126 548 1191 illustrarit
572 1124 701 1209 Rohde,
725 1123 888 1191 Centralh.
914 1126 1000 1191 1880
1023 1124 1076 1212 Sp.
1103 1127 1197 1192 1743.

156 1241 214 1321 ξιτ
329 1232 543 1318 Praecipuum
571 1232 727 1317 Hesychii
760 1233 885 1298 fontem
914 1235 947 1297 in
976 1232 1152 1298 tractandis
1186 1238 1387 1319 poetarum

240 1341 331 1424 vitis,
362 1363 479 1425 nempe
507 1341 695 1425 lyricorum,
727 1341 940 1426 tragicorum,
972 1342 1181 1426 comicorum,
1213 1344 1388 1428 epicorum,

240 1448 341 1514 luisse
366 1447 551 1533 Dionysii
573 1447 938 1514 Halicarnasserrsis
963 1448 1133 1514 historiam
1152 1451 1317 1533 musicam,
1336 1453 1386 1516 vel

241 1557 350 1641 potius
369 1556 437 1621 eius
457 1555 635 1641 epitomen,
659 1577 793 1641 eamque
816 1555 964 1642 intellegi
987 1579 1016 1622 v.
1032 1551 1216 1643 Ὀρφεάςῑ),
1238 1552 1387 1642 Ἀνιιφά-

241 1686 313 1746 νης,
333 1664 507 1747 Παμφίλη,
524 1664 722 1746 Σωτηρίδας
742 1661 812 1742 (ubi
831 1666 941 1728 tamen
957 1661 1099 1729 Suidana
1118 1668 1208 1729 extat
1226 1664 1304 1750 vita,
1321 1688 1388 1731 non

242 1768 480 1855 Hesychiana),
499 1771 622 1854 primus
641 1768 723 1834 vidit
742 1767 919 1835 Schneider
936 1770 956 1833 l.
976 1791 1001 1835 o.
1021 1793 1049 1855 p.
1066 1772 1108 1836 29
1123 1793 1188 1856 seq.
1209 1770 1388 1837 evidenter-

241 1900 302 1962 que
321 1877 569 1960 demonstravit,
592 1898 651 1941 nec
669 1876 776 1941 minus
797 1876 941 1941 ordinem
966 1877 1209 1962 alphabeticum
1232 1879 1267 1943 in
1289 1880 1387 1945 eonfi-

242 1984 357 2050 eienda
376 1985 533 2050 librorum
552 1984 666 2049 tabula
685 1984 891 2048 observatum
908 1984 1116 2070 sagacissime
1136 1986 1330 2071 observavit,
1349 1987 1387 2052 de

242 2114 305 2176 quo
324 2093 421 2177 paulo
440 2095 517 2157 ante
536 2091 634 2157 etiam
650 2090 850 2169 Volkmann,
872 2091 911 2155 de
931 2090 1017 2156 Suid.
1037 2091 1138 2178 biogr.
1157 2118 1189 2179 p.
1204 2095 1247 2158 29
1267 2092 1387 2181 (Bonn.

245 2200 344 2284 1861)
368 2203 547 2265 monuerat.
584 2198 677 2276 Quod
695 2197 846 2282 Dionysii
865 2221 947 2283 opus
969 2198 1207 2288 amplissimum
1231 2224 1250 2266 a
1269 2200 1353 2267 Rufo
1361 2199 1387 2287 ²)

244 2307 384 2392 quodam
408 2306 442 2371 in
465 2307 594 2372 brevius
616 2311 763 2372 coactum
783 2305 1010 2389 fuisse,'euius
1034 2329 1072 2371 ex
1096 2308 1237 2392 epitome
1256 2305 1388 2392 Sopatri

242 2415 428 2500 eclogarum
452 2414 534 2478 liber
558 2417 666 2477 sextus
691 2411 834 2496 fluxerit,
858 2411 952 2477 docet
975 2410 1068 2478 Phot.
1088 2413 1166 2478 bihl.
1185 2436 1216 2497 p.
1233 2414 1304 2480 103.

330 2521 411 2587 Post
434 2518 620 2586 Schneideri
647 2519 899 2605 disputationem
919 2518 1070 2603 Dionysii
1095 2520 1236 2586 studium
1255 2544 1388 2607 prorsus

242 2632 309 2696 fere
325 2626 812 2715 explanaveruntWachsmuth,
827 2626 971 2712 Symbol.
986 2650 1019 2711 p.
1034 2629 1096 2693 146
1107 2650 1173 2714 seq.
1188 2634 1221 2694 et
1231 2628 1336 2711 Danb,
1350 2629 1389 2694 de

243 2737 329 2804 Suid.
349 2761 379 2823 p.
397 2737 463 2802 410
477 2756 551 2819 seq,
571 2757 705 2819 quorum
726 2739 860 2819 uterque
880 2731 1071 2799 Callimachi
1089 2737 1231 2812 πίνακας
1245 2736 1388 2801 omnino·

243 2867 305 2929 que
329 2843 599 2908 bibliothecarum
619 2842 785 2926 catalogos
805 2841 976 2925 primarios
991 2840 1143 2927 Dionysii
1161 2842 1268 2908 fontes
1288 2844 1389 2908 fuisse

244 2951 348 3016 evicit.
393 2950 501 3033 Atque
524 2948 556 3012 in
580 2947 779 3031 tragicorum
803 2947 878 3012 vitis
903 2947 1087 3033 fragmenta
1109 2949 1266 3015 historiae
1290 2951 1388 3016 musi·

243 3081 299 3124 cae
319 3057 495 3142 conspicua
514 3059 603 3120 sunt:
624 3078 652 3119 v.
674 3053 849 3138 Διογένης,
867 3056 1046 3140 Κλεοφῶν,
1067 3056 1268 3141 Λυκόφρων,
1290 3061 1388 3122 Φιλο-

243 3166 333 3249 κλῆς,
353 3167 563 3245 Σπίνθαρος,
578 3155 838 3244 Ἀπολλόδωρος,
853 3158 1055 3247 Νικόμαχος,
1074 3167 1284 3247 Τιμησίθεος,
1302 3163 1388 3250 Φρά·

244 3296 352 3357 νιχος,
372 3272 405 3336 in
423 3271 632 3336 comicorum:
652 3291 680 3333 v.
695 3270 879 3352 Χιωνίδης,
899 3267 1047 3354 Κράτης,
1062 3266 1219 3354 Εὔπολις,
1233 3269 1389 3355 Πλάτων,

245 3375 401 3460 Λεύκων,
425 3373 681 3462 Κηφισόδωρος,
707 3371 852 3460 Φόρμος,
879 3374 1057 3462 Φρύνιχος,
1080 3381 1238 3461 Καλλίας,
1262 3377 1389 3460 Στράτ-

243 3513 303 3569 τις,
323 3481 524 3571 Νικοχάρης,
544 3485 719 3568 Νικοφῶν,
741 3484 940 3566 Φιλωνίδης,
963 3481 1153 3567 Φιλάλλιος,
1173 3487 1389 3570 Σαννυρίων,

248 3599 421 3676 Φιλίσκος,
444 3593 477 3657 in
497 3593 675 3677 epicorum:
698 3613 726 3657 r.
746 3591 953 3675 Νίκανδρος,
977 3584 1178 3676 Εὐφορίων,
1200 3587 1390 3676 Εὔμολπος,

239 3698 410 3784 Ἡσίοδος,
441 3696 631 3779 Πανύασις,
651 3694 809 3782 Ἤριννα,
838 3699 1010 3780 Χοιρίλος,
1037 3693 1190 3783 Ὀρφεύς,
1213 3704 1391 3778 Μουσαῖος

243 3806 323 3894 Ἐφ,
340 3803 523 3892 Ἀρριανός,
542 3802 715 3891 Ἀριστέας.
752 3805 925 3891 Praeterea
944 3810 1053 3870 autem
1072 3807 1170 3871 etiam
1190 3804 1389 3890 Sibyllarum

245 3918 383 3984 indicem
398 3915 585 3998 Suidanum,
604 3913 642 3977 de
663 3934 726 3996 quo
741 3911 928 3976 dubitanter
943 3912 1011 3997 egit
1024 3911 1143 3991 Maass,
1157 3912 1195 3977 dc
1211 3911 1276 3977 Sib.
1291 3936 1320 3998 p.
1336 3915 1389 3996 54,
1429 3935 1432 3938 ’

319 4160 344 4223 1)
368 4156 409 4210 Da
428 4153 530 4209 Daubii
554 4149 694 4207 sententia
717 4149 775 4204 dixi
798 4149 833 4204 ad
856 4168 882 4205 v.
898 4144 1026 4219 Ὀρφεύς.
1064 4149 1104 4205 cf.
1128 4147 1252 4204 eiusdem
1272 4150 1389 4206 Studien

247 4258 273 4309 p.
291 4243 349 4388 14281
372 4317 489 4383 ltulnm,
516 4313 642 4383 Dionysii
669 4312 894 4382 epitomatorem,
921 4311 1014 4382 potius
1040 4310 1145 4365 iontem
1173 4308 1307 4378 Hesychii
1332 4328 1390 4366 esse

248 4398 391 4456 contendit
414 4395 499 4451 etiam
523 4393 725 4462 Wilamowita,
749 4392 881 4463 Antigon.
905 4410 958 4447 rou
983 4392 1046 4446 Kar.
1071 4410 1097 4460 p.
1117 4396 1168 4445 3⁴28
1193 4391 1249 4444 not.
1272 4396 1317 4458 12,
1343 4391 1392 4460 qui

249 4486 345 4535 lamen
364 4477 434 4535 alios
453 4477 510 4531 iam
529 4477 614 4529 antea
632 4473 705 4528 idern
725 4471 861 4530 iudicasse
880 4473 986 4528 nescire
1006 4471 1123 4527 videtur.
