3036 5114
596 333 808 389 HESYCHIUS.
1212 331 1274 395 173

27 523 89 560 :se
128 498 164 566 δὲ
197 495 280 566 κατὰ
309 504 522 584 Πτολεμαίου
547 495 609 564 τὸν
634 493 807 582 Ἐπιφανῆ.
856 493 939 586 κατὰ
970 494 1008 562 δὲ
1032 492 1274 589 ᾉσκληπιάδιμι

125 603 207 700 τόν,
216 603 420 699 Μυρλεαυδν
456 603 695 697 συνεχρόυισεν
726 601 958 691 Ἀριστοφάγει
987 606 1032 694 τῷ
1060 606 1274 694 γραμματικῷ

126 712 182 780 καὶ
213 712 369 799 διήκουσε
397 713 452 779 καὶ
480 716 540 781 τοῦ
564 708 697 780 Ῥοδίου
726 716 922 778 Παναιτίου.
969 716 1091 797 ἔγραψε
1120 709 1299 810 περιήγη-ι

127 841 184 888 σιν
203 817 305 888 Ἰλίου
329 822 366 888 ἐν
389 825 533 906 βιβλίοις
554 818 600 906 γ’,
630 818 689 903 (τά
712 817 796 903 πρὸς
816 816 951 887 Ἀδαίον
972 819 1028 887 καὶ
1050 816 1276 904 Ἀντίγονον,>

127 934 247 1007 κτίσεις
269 932 338 995 τῷν
361 930 398 995 ἐν
424 931 551 995 Φωκίδι
574 926 706 995 πόλεων
728 927 783 994 καί
806 927 881 1012 περὶ
899 929 959 1012 τής
976 923 1060 1012 πρὸς
1075 924 1303 1012 Ἀθηναίουςῡ
1332 993 1338 1001 ,

129 1041 324 1122 συγγενείας
347 1032 474 1119 [αὐτῶν
497 1039 632 1118 κτίσεις]
656 1039 724 1103 τῷν
747 1036 784 1101 ἐν
803 1033 925 1125 Πόντῳ
949 1032 1091 1116 πόλεων,
1114 1033 1276 1118 περὶτῶν

129 1146 165 1212 ἐν
204 1147 432 1230 Λακεδαίμονι
474 1144 529 1210 καὶ
565 1138 648 1210 άλλα
680 1150 831 1227 πλείστα,
868 1144 905 1210 ἐν
943 1136 993 1222 οἷς
1027 1142 1083 1209 καὶ
1114 1138 1278 1227 κοσμικὴν

130 1249 328 1337 περιήγησιν
351 1249 424 1337 ήτοι.
449 1254 671 1336 γεωγραφίαν.

218 1360 309 1427 Del.
348 1358 545 1443 Πολέμων
569 1354 771 1441 Λαοδικεύς,
800 1355 907 1444 ἤγουν
935 1359 971 1425 ἐκ
994 1362 1194 1436 Λαοδικείας
1220 1359 1278 1442 τής

129 1465 211 1550 πρὸς
233 1469 277 1557 τῷ
300 1463 401 1555 Λύκῳ
424 1469 572 1555 ποταμῷ,
596 1463 706 1552 ῥήτωρ
725 1465 780 1531 καὶ
799 1464 970 1552 σοφιστής,
994 1465 1217 1551 σοφιστεύσας
1240 1467 1277 1531 ἐν
1291 1480 1316 1520 1⁰

131 1571 289 1662 Σμύρνῃ,
318 1574 519 1650 διδάσκαλος
540 1568 745 1656 Ἀριστείδου
766 1574 829 1638 τοῦ
851 1570 1000 1657 ῥήτορος.
1039 1563 1084 1659 ήν
1107 1571 1144 1638 δὲ
1167 1573 1224 1638 ἐπί
1243 1598 1278 1639 τε

78 1663 91 1689 ²
132 1683 301 1763 Τραϊανοῦ
315 1680 370 1745 καί
384 1675 454 1765 μετ’
471 1674 591 1762 αὐτόν,
606 1673 758 1762 μαθητής
772 1675 809 1743 δὲ
824 1677 954 1764 ἐγένετο
976 1677 1203 1765 Τιμοκράτους
1216 1681 1277 1746 τοῦ

130 1786 163 1866 ἐξ
180 1783 376 1871 Ἡρακλείας
398 1788 457 1871 τῆς
479 1785 580 1876 ἐντῷ
600 1783 722 1874 Πόντῳ
747 1783 940 1871 φιλοσόφου
962 1787 1018 1853 καὶ
1042 1790 1277 1854 Σκοπελιανοῦ

128 1897 189 1960 τοῦ
214 1897 387 1979 σοφιστοῦ.
424 1890 614 1978 ἐτελεύτησε
634 1890 670 1958 δὲ
690 1889 722 1967 ς’
746 1892 801 1958 καὶ
824 1890 858 1959 ν’
884 1893 1056 1961 ἐνιαυτῶν.
1088 1891 1222 1977 [ἑαυτὸν
1241 1895 1278 1960 ἐν

129 2003 174 2090 τῷ
197 1999 293 2093 τάφῳ
317 1998 469 2088 ἐμβολὼν
491 2000 547 2067 καί
573 1995 843 2085 άποκαρτερήσας
868 1998 925 2067 διὰ
948 1998 986 2068 τό
1014 2002 1215 2088 συνέχεσθαι
1237 2010 1277 2089 τῇ
1292 2016 1318 2056 1⁵

129 2105 302 2193 άρθρίτιδι
315 2106 415 2199 νόσῳ.
445 2105 499 2174 διὸ
513 2106 570 2173 καὶ
584 2110 652 2174 τῷν
667 2110 839 2192 συγγενῶν
853 2108 909 2174 καί
927 2113 1038 2194 φίλων
1051 2107 1276 2205 θρηνούντων

130 2216 259 2300 λέγεται
277 2219 382 2283 εἰπεῖν
406 2212 489 2300 πρὸς
506 2210 628 2292 αὐτοὺς
649 2211 709 2281 τὸν
728 2214 916 2301 Πολέμωνα
939 2214 1033 2284 εδότε
1055 2241 1112 2302 μοι
1135 2218 1276 2302 [ἕτερον]

132 2326 227 2408 σῶμα
240 2324 296 2390 καὶ
310 2321 581 2410 μετεμβήσομαι’.
603 2321 659 2393 καί
672 2335 742 2402 τοῖς
758 2326 884 2409 ίατροίς
898 2323 951 2391 ἐπὶ
966 2327 1078 2415 συχνῷ
1094 2324 1276 2409 τέμνουσιν

131 2426 236 2499 αὐτὸν
256 2433 368 2516 ἔλεγεν
384 2431 569 2517 “ἐκτε’μνετε
582 2425 641 2507 τὰς
653 2424 859 2516 Ἦολέμωυος
872 2435 1029 2516 λατομίας
1043 2426 1089 2509 ὡς
1101 2429 1276 2517 τάχιστα’.]

219 2540 329 2607 ΒΟΙιΙ.
367 2539 583 2624 Πολέμων
612 2533 630 2602 ὁ
659 2533 835 2622 νεώτερος,
863 2536 1032 2624 σοφιστής.
1077 2539 1194 2625 γέγονε
1221 2540 1277 2606 καὶ
1292 2555 1317 2594 ²0

134 2643 234 2724 αὐτὸς
258 2646 310 2713 ἐπὶ
333 2645 505 2732 Κομόδου.
1177 2630 1180 2637 ’

203 2823 216 2869 1
242 2818 277 2871 de
296 2815 463 2887 Asclepiade
489 2816 523 2869 cf.
543 2815 637 2882 Deub,
661 2815 695 2868 de
715 2813 790 2868 suid.
810 2831 837 2882 p.
855 2818 907 2868 459
978 2820 994 2868 8
1018 2813 1067 2867 καὶ
1089 2812 1221 2883 διήκουσε
1243 2845 1279 2854 -

133 2899 205 2953 Παν,
229 2902 279 2953 ent
301 2896 421 2952 delenda
440 2897 490 2951 aut
512 2884 690 2950 seribendsim
709 2889 737 2948 δ’
754 2887 842 2947 soevo
867 2888 1009 2958 ὁ·Ῥόδιος
1028 2897 1183 2957 Παναίτιος
1207 2895 1277 2950 coni.

134 2978 250 3031 Ionsiss
269 2976 314 3042 (cf.
329 2977 436 3030 Preller
449 2994 475 3045 p.
493 2978 533 3044 7),
551 2975 666 3030 nomina
682 2971 824 3029 Posidonii
843 2976 872 3029 et
885 2973 1044 3030 Polemonis
1063 2975 1179 3031 confuse
1196 2978 1279 3045 putat

132 3057 305 3124 Gutschmid,
325 3053 527 3125 Ἀριστοφάνει,
547 3047 581 3110 oh
599 3056 657 3110 καλΙ
668 3052 812 3126 διήκουσε,
830 3057 879 3110 καλ
898 3057 935 3127 τῷ
951 3053 1047 3128 Ῥοδίῳ
1063 3059 1135 3111 Παν.
1151 3058 1236 3112 Dauh

132 3133 201 3190 4τά
221 3133 291 3206 πρὸς
307 3132 416 3192 Ἀδαῖον
435 3137 484 3190 καί
505 3131 672 3206 (Ἀντίγονον
696 3138 809 3208 supplet
826 3137 1004 3208 Bernhardy)
1025 3141 1092 3208 pont
1113 3135 1278 3207 περιήγησιν

134 3218 198 3272 αδδ.
213 3223 234 3269 v
254 3217 298 3286 (ef.
314 3218 416 3272 Athen.
436 3217 474 3270 lX
488 3235 514 3286 p.
531 3219 608 3285 410),
627 3215 677 3270 sed
695 3216 764 3272 olim
783 3220 849 3272 ente
864 3221 968 3280 κτίσεις
985 3218 1072 3272 fuisse
1086 3219 1279 3289 coniungenda

132 3315 195 3352 oum
213 3298 306 3352 verbis
332 3298 447 3352 seclusis
471 3292 567 3349 αὐτῶν
588 3298 703 3364 κτίσεις,
726 3315 843 3367 quornm
867 3298 939 3352 illud
963 3301 1125 3368 corruptum
1149 3303 1223 3353 esset
1245 3316 1278 3353 ex

129 3373 291 3447 Ἀντίγονον,
311 3378 364 3432 hoo
384 3377 568 3446 adscriptum,
586 3379 620 3430 ut
638 3376 756 3434 lectores
769 3379 857 3434 verbs.
871 3374 905 3433 τά
922 3409 956 3419 -
972 3373 1126 3447 Ἀντίγονον
1140 3382 1206 3434 ante
1222 3381 1279 3433 κτί·

132 3476 190 3520 σεις
212 3459 385 3527 supplerent,
409 3456 518 3532 censuit
536 3457 697 3512 Gutschmid
787 3467 802 3513 6
822 3453 929 3526 αὐτῶν,
949 3461 1052 3522 κτίσεις
1072 3476 1105 3513 ex
1126 3459 1193 3513 Par.
1213 3457 1278 3511 edd.

131 3539 280 3608 Κιιελακιιο,
301 3555 354 3595 om.
374 3540 446 3608 vulp.
465 3539 541 3594 Eud.
561 3537 615 3592 del.
632 3538 793 3592 Gotsohmiol
852 3535 962 3600 πόλεων
980 3540 1045 3608 post
1058 3541 1163 3592 Λακεδ.
1184 3555 1236 3592 om.
1256 3544 1279 3590 v

132 3614 260 3673 πινάκων
269 3619 416 3674 hernesius
430 3619 508 3673 ναῶν
518 3618 680 3674 Gulschmirl
694 3619 795 3682 κτίσεις
809 3639 832 3673 τ.
849 3615 880 3673 ἐν
893 3624 925 3673 Α.
940 3624 1000 3674 πολ.
1013 3618 1176 3675 dubitanter
1184 3621 1278 3688 Dauo,

132 3717 302 3768 quemquam
316 3719 371 3755 non
385 3699 528 3755 diversum
543 3716 601 3755 esse
616 3717 633 3755 a
646 3699 718 3754 lib'ro
728 3700 792 3766 περὶ
802 3720 824 3754 τ.
837 3694 868 3755 ἐν
878 3701 983 3756 Λακεδ.
994 3694 1190 3769 ἀναθημάτων
1199 3703 1280 3771 peheh

203 3779 273 3833 DCL
292 3781 368 3835 Εκιλ.
389 3799 415 3850 p.
431 3786 490 3835 590.
529 3780 568 3835 cf.
589 3799 614 3834 v.
637 3775 808 3849 leotsnidus.
846 3780 887 3834 De
908 3779 1110 3835 additamentis
1132 3781 1191 3836 dixi
1208 3783 1278 3837 Mus.

130 3861 219 3916 Rhen.
236 3862 255 3915 l.
270 3879 292 3915 c.
348 3869 363 3915 9
383 3858 471 3931 ήγουν
491 3893 524 3901 -
542 3862 658 3934 ποταμῷ
678 3878 731 3917 om.
747 3861 823 3916 Eud.
885 3868 916 3916 12
936 3860 985 3915 καί
1003 3857 1066 3931 μετ’
1087 3856 1176 3917 αότδν
1191 3870 1278 3918 om.V

132 3936 334 4010 Δημοκράτους
353 3957 405 3994 om.
422 3935 535 4009 ἐγένετο
550 3946 573 3992 V
629 3946 662 3993 14
682 3936 721 3994 ῷν
736 3945 801 4012 post
816 3937 856 3998 ἒν.
872 3942 936 3997 add.
951 3942 1036 3996 Dauh
1093 3950 1124 3996 15
1144 3943 1213 3998 haee
1227 3945 1277 3999 flu·
1447 3968 1449 3972 ’

132 4024 232 4074 xerunt
250 4020 428 4095 efflniloslr.
443 4021 500 4074 Vis.
516 4021 537 4087 1,
551 4024 585 4073 25
600 4023 637 4090 (p.
653 4027 705 4075 233
718 4021 823 4092 Rape),
842 4024 915 4077 unde
930 4023 1049 4078 fortasse
1063 4024 1125 4080 tote
1137 4025 1198 4079 vita
1211 4043 1278 4096 pon·
1303 4047 1313 4063 ν
1423 4082 1424 4085 ,

132 4100 182 4156 δελ
241 4108 274 4156 17
294 4099 390 4169 ἕτερον
405 4118 468 4154 cum
482 4099 614 4154 Philoslr.
630 4100 683 4155 del.
699 4103 865 4173 Bernhardy
920 4110 953 4157 18
973 4099 1077 4174 συχνὸν
1094 4106 1276 4160 Ηοοιοίονλικκ.

201 4180 286 4236 DCLI
299 4179 425 4236 Eundem
436 4182 555 4237 fortasse
565 4200 625 4238 esse
636 4201 699 4237 oum
709 4201 742 4240 eo
752 4184 913 4254 Polemone,
927 4201 1010 4253 quem
1021 4185 1148 4238 laudavit
1157 4185 1277 4239 Lauren·

131 4260 186 4314 tius
205 4262 307 4329 Lydus,
325 4261 361 4314 de
377 4262 451 4330 Mag.
465 4262 564 4327 111‚4o
586 4262 719 4333 Πολέμων
744 4259 776 4317 ἐν
800 4261 912 4336 πέμπτη
934 4261 1107 4335 Ἐξηγήσεων
1131 4266 1180 4334 τῆς
1204 4259 1276 4318 κατά

131 4336 281 4395 Λουκανόν
299 4336 350 4395 τόν
364 4337 506 4411 Ῥωμαίων
531 4337 675 4412 ἐμφυλίων
694 4347 857 4416 συγγραφῆς
877 4347 990 4416 putavit
1005 4346 1180 4415 Bernhardy,
1203 4344 1278 4414 quod

131 4420 178 4474 vix
196 4421 342 4491 probabile
358 4425 402 4477 eet
454 4429 488 4476 20
503 4422 552 4476 καλ
568 4422 673 4479 delevit
687 4425 837 4495 Πκελονκτ,
857 4426 905 4482 sed
925 4427 959 4482 of.
975 4427 1085 4491 Rohde,
1103 4424 1172 4480 Mus.
1187 4426 1276 4480 Rhen.

135 4500 251 4555 XXXIV
265 4519 291 4571 p.
307 4507 358 4555 620
395 4498 523 4574 Κομάδῳ
541 4508 564 4554 V
