3036 5114
624 302 908 360 PROLEGOMENA.
1247 305 1336 359 xxm

189 468 483 558 Aristonymi¹),
502 469 649 553 Meleti,
675 468 855 534 Simmiae
879 467 1021 533 Rhodii
1046 468 1087 532 al.
1106 468 1140 532 in
1160 466 1246 532 Suid.
1265 468 1337 532 libr.
1396 551 1401 561 ι

189 579 222 640 et
233 575 317 642 Viol.
335 577 375 643 ad
394 577 501 661 ipsum
519 578 766 661 epitomatorem
786 577 905 642 rectius
925 575 1097 641 reiicienda
1111 576 1232 660 putavi,
1251 576 1337 660 quod

188 682 341 748 facillime
359 686 466 769 possis
491 686 664 770 explicare,
688 686 715 749 si
740 706 815 749 mox
838 685 1031 770 scriptorum
1056 684 1188 749 nomina
1211 684 1261 748 rel
1282 707 1337 750 no·

189 790 313 854 minum
337 791 449 881 literas
468 792 610 857 initiales
638 793 672 856 in
696 793 843 876 margine
865 792 974 857 addita
996 791 1095 856 fuisse
1119 794 1297 876 posteaque
1318 815 1337 857 a

188 896 331 962 librariis
346 899 474 982 omissa,
488 899 536 964 ita
551 905 586 963 ut
598 899 678 964 duae
689 899 961 965 confunderentur
971 899 1066 979 vitae,
1077 920 1151 962 mox
1163 899 1336 964 nonnullas

189 1004 330 1070 vitarum
352 1010 461 1089 partes
486 1029 506 1070 a
529 1006 669 1072 librariis
689 1006 945 1071 describentibus
970 1007 1107 1070 omissas
1133 1007 1336 1091 marginique

189 1110 369 1196 adscriptas
401 1113 604 1197 genuinoque
634 1114 706 1178 loco
737 1117 841 1178 motas
870 1118 977 1178 tecum
1006 1112 1195 1178 consideres.
1247 1114 1336 1190 Quae

189 1221 297 1283 autem
317 1243 345 1284 v.
365 1216 606 1304 Σωσιφάνης
629 1221 661 1284 in
682 1219 771 1286 codd.
786 1226 819 1285 et
842 1220 909 1284 edd.
924 1223 1002 1284 vett.
1025 1222 1154 1305 praeter
1177 1224 1244 1284 tres
1263 1220 1335 1285 Par.
1373 1220 1376 1226 ’
1401 1273 1410 1293 ,

188 1330 220 1390 et
246 1325 321 1391 Vat.
347 1326 454 1392 Pears.
479 1328 594 1393 vitiose
627 1327 748 1393 tradita
776 1332 864 1411 sunt,
895 1327 975 1392 haec
1000 1350 1037 1391 ex
1065 1326 1189 1391 duabus
1217 1328 1335 1413 glossis

191 1435 414 1519 grammaticis
437 1440 470 1500 et
492 1457 557 1499 una
576 1436 790 1521 biographica
814 1459 833 1501 a
856 1436 997 1500 librariis
1020 1435 1245 1522 conglutinata
1265 1457 1335 1501 esse

189 1544 294 1623 patet:
324 1543 500 1625 Σωσικλῆς
528 1538 636 1626 ὄνομα
658 1539 786 1624 κύριον.
833 1538 1041 1626 Σωσιφάνης
1065 1535 1188 1627 ὁμοίως
1206 1537 1334 1626 κύριον.

192 1645 399 1733 Σωσιφάνης
422 1649 634 1725 Σωσικλέους
656 1646 744 1735 (υίὸς
763 1655 852 1715 Σωσ.
867 1648 926 1736 V),
950 1650 1035 1732 Σορ.
1049 1674 1077 1715 ιι.
1091 1674 1118 1714 τ.
1133 1654 1160 1714 λ.

277 1754 326 1822 De
349 1755 522 1840 Hesychio,
546 1756 662 1822 Suidae
685 1757 786 1841 fonte,
809 1757 932 1842 primus
951 1761 1037 1822 recte
1058 1756 1139 1821 vidit
1160 1757 1333 1837 Schneider,

187 1863 226 1928 de
250 1864 316 1928 tab.
336 1861 463 1928 Gallim.
484 1887 513 1948 p.
531 1866 572 1929 12
597 1864 737 1950 (Gallim.
758 1864 790 1928 Π
814 1866 879 1948 p.3
904 1862 994 1949 seq),
1017 1868 1190 1948 postquam
1214 1885 1334 1949 magno

163 1960 220 2036 ⁴iu
244 1994 351 2038 errore
371 1973 489 2036 versati
513 1977 588 2037 sunt
607 1971 808 2055 Bernhardy,
831 1970 1069 2055 Westermann,
1093 1970 1211 2055 aliique
1230 1971 1334 2036 multi.

186 2079 267 2144 Rem
295 2101 429 2164 prorsus
459 2078 652 2163 patefecisse
682 2080 743 2144 sibi
771 2079 860 2143 visus
889 2084 939 2142 est
965 2078 1116 2161 Schmidt,
1145 2077 1215 2142 Did.
1240 2101 1270 2162 p.
1292 2080 1331 2143 17

186 2187 289 2250 not-,l
322 2190 355 2250 et
383 2184 500 2249 Annal.
518 2185 597 2269 phil.
619 2187 657 2249 71
687 2208 717 2269 p.
739 2188 816 2270 775,
844 2191 1018 2271 postquam
1042 2185 1189 2268 Cramer,
1213 2185 1332 2252 Anecd.

70 2283 73 2289 ⁵
185 2290 257 2358 Par.
276 2291 292 2357 Ι
310 2316 341 2377 p.
359 2294 397 2356 11
424 2314 461 2356 ex
485 2293 594 2358 codice
612 2292 714 2358 Paris.
730 2294 815 2358 2677
837 2315 917 2358 saec.
932 2291 1020 2377 XVI,
1044 2293 1121 2356 olim
1141 2292 1333 2376 Tellerian0,
1439 2303 1442 2309 '

186 2399 287 2463 edidit
314 2399 399 2464 hunc
427 2400 565 2465 indicem
588 2399 728 2465 fontium
753 2400 884 2465 Suidae:
916 2400 1096 2483 ‘Excerpta
1124 2400 1179 2464 ubi
1208 2400 1246 2464 de
1270 2401 1332 2466 Eu·

185 2505 278 2570 demo
299 2506 438 2590 rhetore,
457 2505 608 2572 Helladio
628 2508 850 2591 grammatico,
870 2508 1027 2592 Eugeni0,
1046 2506 1184 2591 Zosimo,
1203 2506 1332 2596 cecilio,

184 2611 346 2698 Longino,
384 2615 530 2698 Luperco
568 2615 793 2700 grammatico,
834 2615 959 2679 Iustino
999 2613 1160 2698 sophista,
1202 2615 1332 2689 Pacato,

183 2718 340 2803 Minucio,
371 2721 543 2806 Pamphilo
573 2722 787 2809 grammatico
817 2727 850 2787 et
871 2720 1041 2805 .Hesychi0
1071 2719 1212 2787 Milesio:
1247 2723 1330 2786 nihil

184 2831 293 2892 autern
323 2827 407 2912 quod
436 2829 472 2892 in
495 2828 593 2893 Suida
621 2851 686 2893 non
709 2828 862 2913 legatur'.
909 2826 956 2893 Of.
972 2826 1198 2906 Wachsmuth,
1222 2827 1329 2913 Symb.

183 2958 214 3019 p.
232 2934 293 2999 138
322 2938 389 3000 not.
407 2938 439 3020 1,
467 2935 612 3021 Boysen,
639 2937 679 3001 de
701 2935 802 3020 Harp.
822 2937 899 3001 font.
918 2959 949 3020 p.
964 2937 1016 3001 33.
1062 2934 1108 3000 At
1133 2957 1261 3020 caveas,
1289 2960 1329 3002 ne

183 3041 280 3105 nimis
304 3041 504 3108 confidenter
526 3042 579 3108 hic
604 3042 644 3108 ad
667 3042 942 3127 Onomatologum
968 3042 1068 3107 alludi
1092 3064 1231 3129 censeas
1253 3046 1330 3130 quia

184 3149 323 3213 similem
344 3171 485 3214 errorem
505 3151 539 3215 in
560 3150 659 3215 schol.
674 3151 728 3214 Ar.
742 3149 827 3215 Nub.
843 3152 917 3234 540,
937 3173 999 3234 quo
1019 3151 1091 3215 loco
1110 3150 1148 3215 de
1165 3149 1328 3236 Hesychia

182 3254 401 3320 Alexandrino
426 3257 547 3342 agitur,
572 3256 762 3322 adumbravi
786 3255 925 3342 Hesych.
951 3255 1055 3322 Miles.
1080 3257 1180 3340 praef.
1203 3283 1233 3343 p.
1256 3258 1328 3326 XII.

183 3359 412 3427 Schneiderum
439 3369 547 3429 autem
573 3362 850 3449 Schmidtiumque
880 3366 980 3430 secuti
1008 3370 1083 3428 sunt
1106 3365 1216 3451 Lehrs‚
1246 3364 1329 3432 Mus.

182 3468 283 3535 [then.
298 3468 393 3534 XVII
416 3496 446 3556 p.
461 3472 526 3537 453
551 3470 786 3556 (Pindarschol.
804 3495 834 3557 p.
855 3469 959 3557 159),·
978 3471 1188 3550 ll'aelcemcdh,
1217 3470 1326 3555 Symb.

182 3575 286 3642 Bonn.
315 3600 344 3660 p.
368 3578 428 3643 138
453 3600 532 3663 seq,
555 3579 688 3659 Midler,
715 3579 752 3644 fr.
775 3577 851 3643 hist.
865 3578 912 3643 IV
935 3600 965 3662 p.
983 3579 1055 3662 155,
1078 3579 1120 3644 D.
1145 3579 1326 3658 Volkmann,

181 3681 290 3766 Symb.
310 3707 340 3767 p.
361 3685 424 3749 728
444 3689 511 3749 not.
533 3686 586 3767 18,
610 3685 841 3769 Mcndclssolm,
864 3686 936 3750 Act.
957 3684 1027 3751 Soc.
1047 3686 1135 3771 Lips.
1154 3686 1186 3750 lI
1205 3710 1235 3770 p.
1254 3688 1326 3770 181,

180 3788 315 3874 Boysca,
334 3791 372 3854 de
391 3790 549 3874 Harpocr.
568 3790 648 3856 font.
663 3815 694 3876 p.
708 3770 747 3856 1'2
762 3792 802 3857 al.
831 3791 977 3857 Indolem
996 3814 1072 3858 vero
1092 3796 1189 3878 atque
1204 3794 1325 3879 stilum,

181 3919 263 3980 quae
282 3897 315 3961 in
333 3897 408 3963 vitis
423 3896 638 3982 Hesychianis
654 3901 883 3983 agnoscuntur,
903 3898 1064 3983 sagaciter
1078 3899 1325 3967 illustraverunt

181 4004 351 4086 Nietasehe,
380 4003 462 4069 Mus.
486 4003 587 4069 Rhen.
606 4004 714 4069 XXIV
738 4029 768 4090 p.
794 4007 859 4071 216
883 4029 964 4090 seq.,
1000 4006 1185 4090 Volkmann,
1214 4007 1323 4092 Symb.

143 4100 146 4106 ¹
179 4132 209 4194 p.
226 4111 288 4175 717
305 4108 421 4196 seq.²),
439 4111 556 4194 Rolule,
575 4110 669 4177 Duub
689 4112 744 4194 al,
768 4135 961 4197 quamquam
982 4136 1040 4178 nec
1063 4113 1217 4179 hodierno
1242 4120 1322 4180 tem·

254 4306 280 4373 1)
304 4304 344 4358 De
364 4321 419 4372 quo
437 4306 513 4359 recte
535 4304 670 4359 iudicavit
689 4305 793 4375 Bergk,
817 4305 888 4361 Hist.
909 4305 961 4362 Lit.
983 4304 1078 4363 Graec.
1099 4307 1112 4359 1
1136 4325 1163 4377 p.
1185 4314 1248 4374 192,
1270 4326 1321 4363 nce

180 4383 262 4437 laude
282 4383 368 4451 digua
386 4387 430 4437 est
448 4383 588 4439 sententia
607 4385 717 4439 Pulchii
735 4404 761 4454 p.
778 4391 811 4441 82
831 4387 867 4440 al.

252 4464 280 4533 2)
300 4464 444 4529 Quaedam
462 4464 512 4520 alii
526 4464 778 4536 investigaverunt,
797 4468 875 4523 velut
889 4467 1007 4537 Steffen,
1025 4469 1060 4524 de
1074 4485 1171 4526 canon.
1186 4468 1229 4524 Al.
1245 4488 1271 4540 p.
1286 4475 1320 4524 25
