3036 5114
219 304 306 359 Xler
468 344 471 350 ι
649 308 934 367 PROLEGOMENA.

219 469 324 535 minus
339 470 579 557 Gutsclrnridi03
599 495 626 537 v.
642 477 727 538 Νικ.
742 469 1005 559 Δαμασκηνός
1024 498 1086 542 om.
1105 475 1251 541 fabulam
1267 465 1365 555 οὗτος

219 614 261 623 -
285 578 359 642 exit.
367 628 376 662 ,
399 601 495 664 quam
519 580 560 645 ab
581 581 653 665 ipso
673 579 772 646 Suida
795 582 938 649 additam
962 605 1031 648 esse
1054 583 1223 667 probabile
1246 573 1365 668 est3'v.

219 688 257 749 N
258 679 413 768 εόφρων
431 688 542 753 nescio
561 710 603 753 an
621 689 740 755 rectius
760 710 822 753 orn.
840 689 939 755 verba
958 670 1128 773 Νεόφρων
1147 683 1183 775 ἧς
1207 714 1239 756 ve
1255 688 1363 777 Νύμ-

218 816 285 875 φις
308 815 370 858 om.
394 788 589 878 Νάμφιδος,
621 796 706 880 qnod
728 818 795 861 non
822 796 863 861 ad
890 795 1134 882 Hesychianam
1163 798 1277 882 vitam,
1308 800 1364 866 sed

218 900 258 966 ad
282 901 427 986 glossam
454 903 660 987 grammatici
688 904 875 989 genetivum
901 904 1114 971 adscribentis
1145 903 1198 990 (of.
1222 928 1250 971 v.
1272 901 1363 989 ’Λρα-

218 1002 295 1088 ριάς,
315 1006 492 1092 Δέξιππος,
506 1005 638 1094 Ἴστρος
656 1008 710 1095 al.)
735 1010 776 1075 ab
801 1008 900 1076 Suida
923 1012 1133 1098 neglegenter
1159 1013 1364 1080 coniunctam

218 1118 365 1199 spectare
389 1116 470 1193 vidit
492 1116 609 1183 Moller
632 1116 682 1182 III
705 1140 735 1202 p.
758 1119 811 1202 123
840 1140 870 1182 v.
890 1113 1050 1204 Ὀρφεὺς
1070 1121 1161 1203 Ana
1178 1142 1241 1185 om.
1264 1121 1364 1187 verba

218 1221 330 1306 inepta
358 1228 390 1288 et
419 1245 575 1290 conexum
603 1225 828 1308 perturbantis
855 1223 892 1290 ἐν
916 1222 1047 1303 τούτοις
1070 1222 1102 1290 d'
1133 1224 1217 1311 ἐστί,
1246 1229 1363 1313 quibus

219 1329 386 1414 expunctis
410 1330 500 1395 locus
519 1332 656 1397 vitiosus
677 1333 798 1417 optime
818 1338 966 1417 sanatur3
992 1355 1017 1397 v.
1037 1330 1281 1420 Παλαμήδης
1300 1357 1363 1401 om.

218 1437 316 1502 verba
340 1437 452 1522 inepta
475 1433 701 1523 ὑπολαμβάνω
727 1477 767 1486 -
792 1438 912 1526 exit.¹),
936 1462 1038 1525 neque
1061 1441 1124 1506 hoc
1147 1441 1217 1507 loco
1242 1441 1363 1508 Aldina

219 1568 289 1611 eam
313 1567 405 1610 usam
430 1567 500 1610 esse
519 1546 700 1630 probabile,
723 1548 843 1633 quippe
862 1570 944 1633 quae
962 1549 1118 1631 praebeat
1135 1542 1362 1634 ὑπολαμβάνω

218 1649 255 1718 n
277 1650 331 1717 καλ
356 1649 416 1719 τὸν
439 1649 646 1737 ποιήσασθαι
670 1651 784 1738 (etiam
809 1655 841 1719 in
868 1655 936 1719 vita
958 1653 1104 1740 Dionysii
1127 1654 1269 1720 Musonii
1297 1657 1363 1720 tale

218 1759 334 1826 Suidae
354 1761 610 1828 additamentum
631 1767 739 1828 extare
759 1785 858 1846 supra
881 1759 976 1849 dixi);
1000 1786 1028 1828 v.
1048 1761 1277 1846 Παρθένιος
1300 1786 1363 1830 om.

217 1868 317 1934 verba
345 1857 442 1947 οὗτος
470 1865 602 1955 ἐλήφθη
630 1907 667 1916 -
693 1872 879 1953 Καίσαρος,
912 1870 1028 1955 quibus
1057 1870 1136 1935 duas
1164 1870 1362 1937 animadver-

217 1976 323 2042 siones
359 1978 586 2044 vitiosissimas
622 1977 780 2043 contineri
813 1980 918 2062 patet3
953 2000 982 2043 v.
1014 1978 1264 2060 Περίανδρος
1299 2000 1363 2047 om.

217 2084 317 2150 verba
345 2073 443 2163 οὗτος
471 2123 511 2133 -
540 2087 657 2151 ἔθελεν
686 2107 725 2150 ex
749 2083 843 2170 Diog.
867 2084 896 2167 Ι,
920 2085 961 2148 97
986 2084 1159 2148 manifesto
1187 2084 1363 2172 adscripta3

216 2216 244 2257 v.
276 2189 441 2257 Πλάτων
471 2188 642 2276 κωμικός
665 2214 727 2258 om.
751 2191 849 2256 verba
873 2191 1077 2275 ineptissima
1100 2185 1145 2268 ὥς
1167 2210 1271 2275 φησιν
1293 2187 1364 2259 Ἀθ.

220 2335 256 2344 -
284 2297 367 2382 exit,
394 2301 512 2384 quibus
535 2320 638 2384 nugas
662 2300 770 2364 inesse
793 2298 874 2364 vidit
897 2297 1058 2381 Meineke3
1082 2321 1110 2363 v.
1129 2293 1363 2382 Πορφάριος

216 2410 249 2469 et
283 2427 395 2469 verum
428 2406 599 2475 verborum
626 2404 771 2472 ordinem
799 2406 933 2490 praebet
962 2404 1146 2490 Longinum
1176 2411 1362 2491 praecepto·

216 2535 286 2578 rem
305 2517 382 2596 post
400 2509 563 2578 Plotinum
583 2535 774 2579 enumerans
794 2513 956 2597 verbaque
976 2505 1013 2588 ὃς
1030 2515 1153 2595 κυρίως
1171 2516 1247 2596 post
1268 2510 1362 2596 φιλό-

217 2637 321 2702 σοφος
340 2619 502 2685 collocans
521 2623 554 2684 et
573 2642 634 2685 om.
649 2620 759 2703 inepta
778 2614 931 2703 Ἀμολίου
949 2619 1009 2684 τοῦ
1028 2623 1061 2683 et
1079 2621 1246 2703 μαθητοῦ,
1266 2643 1363 2706 quarn

217 2727 378 2792 addidisse
403 2726 534 2792 Suidam
564 2727 647 2793 male
672 2726 836 2791 intellecta
863 2726 978 2791 vocula
1007 2712 1051 2790 οὗ
1075 2726 1109 2790 in
1137 2749 1165 2791 v.
1190 2730 1364 2806 Πλωπῖνος

216 2857 316 2919 supra
334 2834 399 2897 dixi
417 2832 463 2917 (ΙΙ
478 2837 498 2915 ἓ
512 2830 559 2920 3),
577 2856 593 2898 e
626 2833 742 2900 titulos
762 2832 943 2899 accuratius
963 2832 1145 2919 descripsit3
1169 2857 1197 2898 v.
1217 2838 1253 2897 H
1256 2857 1363 2916 ροαι-

217 2940 349 3025 ρέοιος
367 2962 429 3006 om.
447 2926 598 3017 οὗτος-
616 2940 705 3020 exit,
724 2963 805 3026 quae
820 2941 942 3006 violato
957 2962 1046 3005 more
1060 2938 1268 3024 Hesychiano
1288 2946 1364 3026 post

216 3053 405 3114 enumerata
423 3048 544 3133 scripta
561 3053 737 3133 sequuntur
751 3052 785 3112 et
799 3049 935 3112 alteram
951 3047 989 3111 de
1006 3052 1111 3112 aetate
1127 3047 1195 3113 eius
1210 3049 1362 3115 notitiam

218 3156 355 3220 afferunt
379 3154 468 3240 (nam
493 3178 592 3240 supra
614 3155 740 3221 dixerat
761 3154 878 3239 γέγονε
902 3152 939 3220 δὲ
963 3150 1027 3237 πρὸ
1053 3156 1219 3237 Λιβανίον
1238 3155 1310 3238 -);
1334 3180 1363 3223 ν.

217 3258 418 3346 Πρόδικος
441 3284 503 3327 om.
522 3263 742 3327 narrationem
760 3259 816 3326 καὶ
835 3263 995 3344 παροιμία
1013 3298 1049 3307 -
1067 3258 1190 3346 πλήθει
1210 3285 1246 3327 ex
1262 3263 1364 3328 schol.

216 3370 272 3467 fir.
295 3369 380 3434 Nub.
402 3370 467 3434 360
491 3368 665 3434 manifesto
689 3368 909 3452 compilatam3
934 3391 962 3432 v.
982 3362 1164 3451 Πρόκλος
1184 3391 1245 3434 om.
1266 3357 1363 3446 οὗτος

216 3477 364 3558 -exit,
387 3498 468 3561 quae
492 3498 565 3541 curn
587 3499 646 3541 nec
670 3477 777 3542 minus
802 3499 899 3561 quam
919 3477 1018 3541 verba
1040 3476 1174 3541 Luciani
1198 3477 1283 3541 vitae
1308 3476 1361 3540 ad·

216 3584 384 3651 haerentia
403 3582 538 3650 Suidam
554 3585 729 3667 redoleant,
748 3585 906 3649 recentius
927 3583 1100 3651 subiuncta
1118 3605 1188 3648 esse
1207 3583 1272 3648 iam
1290 3606 1361 3667 per-

217 3693 322 3778 spexit
341 3692 546 3778 Bernhardy3
570 3716 597 3757 v.
617 3687 765 3776 Σαπφώ
790 3715 851 3756 om.
877 3690 975 3755 verba
998 3679 1085 3773 ἦσαν
1104 3727 1140 3736 -
1158 3692 1362 3774 Σαλαμινία,

217 3822 299 3886 quae
327 3799 368 3864 ab
397 3797 688 3864 Alexandrinorum
721 3782 1006 3882 grammaticorum
1038 3796 1185 3862 doctrina
1215 3796 1362 3864 recedere

217 3907 298 3973 vidit
320 3904 477 3990 Schoem,
501 3904 612 3990 Symb.
636 3904 739 3969 Bonn.
764 3927 792 3989 p.
814 3904 874 3969 741
901 3909 933 3969 et
959 3904 1036 3988 759,
1059 3905 1208 3970 laudatus
1232 3904 1361 3969 Daubio

291 4157 316 4225 1)
336 4152 437 4209 Suidae
456 4153 536 4208 dedit
553 4153 638 4208 etiam
659 4151 754 4219 Βοιὼ,
773 4151 850 4206 Stud.
871 4169 897 4220 p.
915 4158 973 4207 136.
1010 4151 1089 4208 Alios
1107 4154 1202 4207 tamen
1221 4151 1362 4221 Hesychio

220 4238 290 4292 haec
309 4233 450 4290 vindicare
474 4251 587 4301 moneo,
610 4251 727 4304 quorum
746 4231 808 4288 loco
826 4230 856 4286 in
874 4237 897 4284 Δ
916 4233 1047 4302 leguntur
1069 4233 1155 4288 verba
1168 4232 1215 4287 καί
1235 4227 1292 4286 ὑπὸ
1311 4232 1361 4287 τοῦ

212 4314 335 4389 Ὁμήρου
358 4316 407 4370 rel.
427 4314 550 4381 omissis,
573 4315 602 4368 in
625 4314 736 4369 brevius
760 4315 871 4380 coacta,
894 4314 926 4367 ut
948 4313 1070 4380 videtur,
1094 4330 1128 4368 ex
1151 4313 1276 4368 uberiore
1300 4329 1361 4367 sen·

218 4399 307 4455 tentia
325 4398 410 4467 vulg,
431 4395 483 4450 nisi
502 4394 595 4464 potius
614 4395 641 4449 in
662 4396 735 4465 vulg.
756 4413 774 4449 a
792 4394 917 4449 tenuiore
937 4394 996 4448 cod.
1012 4399 1035 4446 Δ
1054 4393 1082 4462 (i.
1099 4410 1122 4448 e.
1137 4393 1281 4463 Hesychii)
1296 4392 1361 4447 scri-

219 4482 300 4550 ptura
315 4478 416 4534 Suidae
435 4475 569 4544 ambages
587 4474 726 4544 profectas
744 4491 804 4530 esse
823 4472 980 4543 suspiceris.
