3036 5114
248 285 291 349 92
709 289 923 350 HESYCHIUS.

95 452 187 491 rimmo·

335 449 498 519 GOOXLI.
540 447 692 519 Θεανῶ
730 451 853 539 Λοκρίς
889 452 1016 547 λυρικη.
1076 451 1206 543 ᾅσματα
1243 458 1393 545 Λοκρικὰ

245 555 301 622 καὶ
323 556 415 642 μέλι·
937 546 943 554 ’

335 664 517 733 OOOXLII.
559 663 807 751 Θεμίστιος
836 664 1036 754 φιλόσοφος,
1070 668 1217 756 γεγονῶς
1244 672 1296 739 ίπλ
1323 675 1393 740 τῶν
1415 714 1477 756 ,μη

246 771 380 859 χρόνων
396 770 584 840 Ἰουλιανοῦ
606 775 666 841 τοτ’
690 771 894 862 παραβάτου,
917 771 977 862 ὑφ’
999 766 1040 844 ού
1063 777 1119 844 καί
1141 773 1290 866 ὕπαρχος
1311 803 1391 868 προ

220 899 232 938 ⁵
247 878 376 967 εβλήθη
389 879 794 961 Κωνσταντινουπόλεως.’
805 883 952 971 γέγραφε
965 886 1023 969 της
1035 880 1280 972 Ἀριστοτέλους
1293 905 1392 973 φυσι-

244 991 304 1074 κῆς
327 984 518 1076 ἀκροάσεως
539 985 756 1075 παράφρασιν
781 989 817 1056 ἐν
840 992 984 1075 βιβλίοις
1007 987 1053 1076 η’,
1082 989 1301 1079 παράφρασιν
1322 997 1392 1062 τῶν

243 1093 454 1164 ἀναλυτικῶν
478 1097 514 1163 ἐν
538 1098 682 1182 βιβλίοις
703 1093 750 1181 β’,
773 1104 841 1163 τῶν
866 1093 1107 1165 ἀποδεικτικῶν
1127 1098 1163 1165 ἐν
1181 1103 1325 1185 βιβλίοις
1342 1098 1391 1187 β’,

244 1205 304 1271 τού
334 1203 408 1291 περὶ
438 1205 547 1290 ψυχης
575 1204 612 1270 ἐν
639 1206 783 1289 βιβλίοις
807 1200 834 1286 ζ’
859 1203 910 1292 (ἐν
934 1202 972 1272 δὲ
998 1202 1184 1295 τούτῳκαὶ
1211 1209 1282 1274 ίδια
1308 1230 1392 1295 παρ-

244 1308 399 1397 εισήγαγε
416 1310 492 1398 περὶ
507 1313 569 1377 τοῦ
584 1313 711 1378 σκοποῦ
725 1310 780 1378 καὶ
794 1314 853 1398 τῆς
872 1312 1081 1400 ἐπιγραφῆς),
1099 1316 1168 1381 τῶν
1182 1318 1391 1402 κατηγοριῶν

209 1436 234 1475 1⁰
248 1418 284 1486 ἐν
307 1423 426 1509 βιβλίῳ
451 1416 485 1484 α’
508 1416 564 1484 καί
588 1418 756 1498 διαλέξεις.

333 1525 528 1594 CCCXLIII.
574 1525 915 1613 Θεμιστογένης
946 1525 1182 1614 Συρακούσιος
1213 1531 1389 1619 ίστορικός.

191 1650 196 1699 ¹
246 1631 365 1721 Κύων
379 1629 570 1725 Ἀνάβασιν,
594 1629 669 1725 εἶτα.
684 1634 721 1727 ἐν
739 1646 814 1728 ταῖς,
826 1634 1047 1729 Ξενοφῶντα
1066 1636 1212 1731 νέωτα,
1230 1637 1286 1705 καὶ
1305 1635 1390 1707 ἄλλα

245 1738 320 1808 τινὰ
343 1739 418 1828 περὶ
441 1742 500 1827 τῆς
523 1740 645 1808 ἑαυτοῦ
666 1744 835 1829 πατρίδος.

333 1848 527 1917 CCOXLIV.
563 1851 829 1936 Θεμιστοκλῆς
854 1845 1034 1935 Ἀθηναῖος
1062 1849 1275 1938 δημαγωγός,
1294 1859 1390 1921 ,Νεο-

204 1971 230 2013 1⁵
243 1957 359 2038 κλέους
381 1955 466 2043 υίός,
490 1954 619 2037 ἄσωτος
637 1953 698 2043 τὴν
721 1954 856 2045 πρωτην
879 1953 1012 2042 ἡλικίαν
1035 1955 1225 2045 γενόμενος,
1248 1956 1329 2047 μετὰ
1352 1958 1390 2028 δὲ

242 2069 345 2134 ταῦτα
369 2061 551 2154 στρατηγὸς
575 2066 738 2151 αίρεθείς,
761 2063 817 2131 καλ
839 2068 952 2143 κτίσας
974 2060 1035 2131 τὸν
1054 2058 1208 2152 Πειραιᾶ,
1231 2066 1286 2134 καὶ
1309 2093 1389 2135 ναυ-

242 2178 343 2264 μαχίᾳ
371 2171 510 2260 νικήσας
539 2169 616 2252 τοὺς
639 2172 772 2262 Πέρσας
793 2170 875 2240 κατὰ
900 2178 1092 2259 Σαλαμῖνα,
1119 2171 1175 2239 καί
1198 2174 1390 2260 φθονηθεὶς

243 2280 360 2369 φεύγει
382 2277 466 2368 πρὸς
482 2277 697 2370 Ἀρταξέρξην
719 2276 779 2347 τὸν
803 2281 870 2347 τῶν
894 2281 1038 2366 Περσῶν
1057 2281 1207 2366 βασιλέα,
1229 2280 1285 2348 καί
1309 2280 1390 2368 σφό-

244 2392 308 2478 δρα
329 2387 482 2476 τιμηθείς
504 2385 560 2456 ὑπ’
587 2384 692 2456 αύτοῦ
715 2382 916 2473 ἠναγκάζετο
940 2384 1019 2474 μετὰ
1043 2390 1145 2454 ταῦτα
1167 2399 1239 2468 τοῖς
1251 2383 1389 2476 Ἕλλησι

203 2513 230 2552 2⁰
243 2503 416 2583 πολεμεῖν,
443 2495 498 2563 καί
526 2494 570 2584 μὴ
600 2494 782 2582 βουληθείς
807 2496 997 2583 προδοῦναι
1021 2491 1082 2582 την
1105 2496 1249 2581 πατρίδα
1271 2494 1327 2562 καί
1349 2493 1387 2563 τὸ

242 2604 363 2673 ἑαυτοῦ
395 2603 491 2683 κλέος
520 2601 678 2691 ταύρειον
707 2595 788 2689 αἷμα
819 2598 906 2670 πιῶν
935 2598 1093 2670 άπῶλετο.
1146 2605 1290 2689 ἔγραψεν
1320 2604 1388 2671 ἐπι-

242 2709 361 2791 στολάς
384 2711 598 2799 φρονήματος
621 2708 795 2797 γεμούσας.

331 2818 512 2887 OOOXLV.
549 2815 773 2904 Θεόγνητος
795 2814 947 2903 κωμικός.
983 2817 1052 2883 τῶν
1076 2813 1255 2902 δραμάτων
1280 2814 1387 2886 αὐτοῦ

242 2930 311 2996 ἐστι
342 2925 462 3013 Φάσμα
493 2921 514 3013 ἢ
546 2926 772 3012 Φιλάργυρος,
808 2922 1067 3013 Φιλοδέσποτος,
1100 2916 1307 3011 Κένταυρος,
1341 2920 1388 3019 ῶς

203 3053 229 3091 ²⁵
240 3031 420 3122 Ἀθήναιος
444 3034 481 3100 ἐν
506 3039 818 3116 Δειπνοσοφισταῐς.
1372 3013 1393 3021 “

244 3180 326 3187 ——-.
371 3180 420 3184 ..—
427 3178 455 3183 ..-

314 3263 442 3321 cccxm
472 3270 485 3318 1
510 3258 633 3329 Λοκρικά
657 3262 836 3334 Bernhardy,
860 3262 910 3332 qui
932 3262 961 3317 in
984 3263 1105 3318 lectione
1129 3263 1265 3319 librorum
1284 3267 1386 3316 Am

241 3343 340 3418 λαρικὰ
360 3340 378 3417 ἢ
396 3340 511 3413 eonon&
532 3359 652 3399 errorem
676 3345 705 3398 eb
724 3342 948 3398 emendationem
972 3344 1149 3399 librariorum
1170 3345 1200 3398 in
1218 3362 1303 3398 unum
1323 3360 1387 3398 oon·

243 3429 355 3484 fluxisse
374 3426 447 3483 vidit

314 3507 456 3564 CCCXLII
476 3513 491 3562 '1
511 3506 567 3560 τῶν
585 3500 793 3561 ἀποδεικτικῶν
808 3500 885 3575 -β’
901 3522 954 3560 0111.
973 3507 1055 3577 οιιίγ,
1075 3523 1108 3560 ex
1127 3506 1188 3560 Par.
1209 3505 1272 3561 add.
1288 3506 1387 3563 Κασίο-

242 3606 291 3645 rus
363 3595 379 3643 8
398 3587 496 3657 ψυχῶν
516 3593 538 3639 V
1304 3589 1309 3597 ’
1436 3590 1448 3609 ·

315 3668 468 3723 cccxnnl
486 3668 561 3722 Ειαλ.
581 3686 608 3738 p.
628 3674 689 3724 676.
717 3668 821 3723 Verum
835 3668 977 3722 auctorem
993 3684 1066 3735 esse,
1085 3666 1130 3723 eui
1144 3666 1298 3737 Xenophon
1313 3669 1386 3722 Ana·

242 3749 323 3805 basin
341 3747 479 3803 edendum
497 3747 669 3802 commiserit
687 3763 720 3801 ex
738 3746 810 3801 libro
831 3746 865 3801 de
884 3746 1027 3816 Syracusio
1046 3747 1134 3803 officie
1151 3747 1312 3803 θιαιολκιίδ

243 3835 274 3883 11
296 3826 404 3897 ἔγραφε
424 3830 492 3896 Κυρ.
512 3827 597 3895 End„
616 3843 688 3896 qnae
705 3845 758 3882 om.
777 3822 838 3897 ἥτις
853 3859 886 3867 -
901 3825 1019 3897 φέρεται
1097 3833 1129 3882 12
1148 3827 1334 3897 Ξενοφῶντος
1353 3845 1387 3882 ex

242 3908 321 3962 libris
341 3908 397 3962 suis
417 3908 566 3975 Kneterue,
586 3911 669 3963 antee
688 3908 834 3979 legebatur
852 3909 918 3966 Ξεν,
935 3901 1106 3976 Ἑλληνικοῖς

312 3986 467 4042 CCCXLIV
485 4006 538 4043 om.
555 3989 690 4044 Weetem.
760 3994 792 4042 21
814 3989 908 4044 extare
926 3988 1011 4044 hodie
1030 3987 1164 4058 epistolas
1182 4003 1253 4056 queo
1273 3986 1385 4042 Themi-

242 4067 337 4124 stoclis
350 4084 452 4123 nomen
466 4069 638 4125 mentiantur
651 4069 761 4124 monuit
770 4070 918 4125 Kneterus:
939 4068 973 4125 of.
984 4067 1115 4135 floreher,
1131 4068 1219 4137 Epist.
1230 4086 1257 4138 p.
1270 4074 1318 4123 741
1327 4084 1385 4136 seq.

314 4147 455 4204 CCCXLV
469 4149 544 4204 Ενδ.
555 4169 582 4219 p.
592 4156 652 4219 374,
667 4168 738 4219 quae
749 4167 802 4204 om.
815 4145 871 4204 ἐστι
881 4150 911 4204 ελ
920 4144 957 4212 ὡς
966 4179 1001 4188 -
1010 4147 1075 4204 exit.
1093 4147 1385 4203 'l‘reotentMeinekel

242 4250 270 4301 p.
285 4237 345 4301 487,
363 4229 457 4298 Danb,
477 4230 511 4283 de
530 4230 605 4284 Suid.
620 4249 647 4300 p.
661 4236 714 4286 484
789 4236 823 4285 24
843 4229 882 4285 Cf.
902 4229 1004 4286 Athen.
1024 4230 1063 4283 Ill
1081 4249 1107 4299 p.
1129 4235 1193 4298 104,
1211 4229 1262 4283 XV
1280 4246 1307 4298 p.
1323 4235 1385 4298 671,

242 4312 305 4367 XIV
320 4330 346 4381 p.
361 4317 426 4378 616,
446 4310 494 4364 sed
509 4310 668 4365 comoediae
683 4308 844 4379 Κένταυρος
860 4310 934 4380 apud
952 4311 1127 4365 Athenaeum
1141 4309 1248 4364 nnllam
1266 4309 1385 4364 mentio·

242 4409 307 4447 nem
320 4390 388 4447 inici
404 4390 476 4445 vidit
488 4389 668 4460 Bernhardy,
686 4391 801 4446 Suidam
814 4394 907 4464 ipsum
921 4392 1059 4448 effinxisse
1073 4392 1157 4460 putat
1169 4389 1264 4455 Βαάλ),
1283 4390 1386 4459 Lyncei

243 4472 369 4528 fabulam
387 4472 473 4527 fuisse
491 4471 573 4526 δοιοί
591 4469 717 4525 Μιίκιλι
