3036 5114
257 307 301 373 20
721 311 935 368 ssssscsnos.

256 474 469 555 Πτολεμαίου
491 474 551 538 τοῦ
575 468 764 559 Εὐεργέτου
787 473 1034 558 ἐπικληθέντος,
1057 473 1113 540 καὶ
1137 472 1295 561 διάδοχος
1309 471 1400 559 Ἐρα-
1421 505 1466 541 ιιι.

256 576 441 657 τοσθένους
472 576 653 665 γενόμενος
679 581 717 647 ἐν
744 583 784 668 τῇ
812 585 997 670 προστασίᾳ
1024 585 1082 667 τῆς
1109 582 1146 648 ἐν
1171 577 1401 671 Ἀλεξανδρείᾳ

255 683 484 771 βιβλιοθήκης.
517 719 529 738 ·

344 793 506 859 LXXVII.
532 791 794 874 Ἀπολλώνιος
815 792 1058 880 Ἀλεξανδρεύς,
1078 792 1096 863 ὀ
1114 796 1253 881 κληθεὶς
1269 794 1400 884 4126ng-

105 920 110 927 ·
229 905 332 990 ολος,
361 897 468 986 πατὴρ
492 896 704 985 Ἡρωδιανοῦ
736 907 796 970 τοῦ
829 893 1060 990 τεχνογράφου
1088 906 1325 990 γραμματικοῦ.
1365 901 1426 981 ὃς4

255 1010 378 1092 ἔγραψε
400 1005 494 1073 τάδε·
518 1009 594 1092 περὶ
617 1014 780 1098 μερισμοῦ
803 1013 871 1077 τῶν
889 1012 950 1077 τοῦ
968 1009 1074 1096 λόγου
1092 1014 1203 1097 μερῶν
1222 1014 1335 1096 βιβλία
1354 1008 1401 1094 δ’,

254 1112 329 1200 περὶ
354 1112 541 1195 συντάξεως
563 1119 632 1183 τῶν
655 1118 715 1184 τοῦ
739 1114 844 1201 λόγου
867 1120 977 1203 μερῶν
1000 1116 1045 1202 δ’,
1069 1118 1143 1204 περὶ
1162 1115 1309 1203 βήματος
1326 1115 1400 1204 ἤτοι

256 1219 442 1307 ῥηματικὸν
466 1224 502 1288 ἐν
528 1227 673 1308 βιβλίοις
691 1223 732 1308 ε’,
750 1224 826 1309 περὶ
844 1228 913 1292 τῶν
931 1227 978 1303 είς
996 1252 1034 1310 μι
1052 1223 1224 1310 ληγόντων
1244 1222 1402 1311 ῥημάτων

254 1328 465 1416 παραγάγων
491 1335 625 1415 βιβλίον
653 1329 698 1414 α’,
726 1332 801 1417 περὶ
832 1328 1009 1418 ὀνομάτων
1030 1329 1104 1418 ἤτοι
1128 1327 1330 1418 ὀνοματικὸν
1353 1330 1400 1413 α’,

215 1458 240 1497 ιο
254 1435 328 1522 περὶ
358 1431 536 1522 ὀνομάτων
563 1435 645 1504 κατά
675 1436 863 1524 διάλεκτον,
891 1438 967 1525 περὶ
993 1441 1052 1524 της
1076 1440 1113 1506 ἐν
1135 1446 1301 1523 θηλυκοῖς
1324 1436 1400 1506 ὀνό·

253 1564 355 1631 μασιν
375 1541 511 1624 εὐθείας
529 1543 576 1629 α’,
594 1545 669 1631 περὶ
688 1544 902 1632 παρωνόμων
918 1544 963 1630 α’,
982 1545 1057 1632 περὶ
1072 1550 1305 1633 συγκριτικῶν,
1323 1546 1398 1631 περὶ

254 1650 436 1744 διαλέκτων
460 1654 630 1737 Δωρίδος,
651 1648 768 1735 Ἰάδος,
792 1656 962 1735 Λίολίδος,
982 1650 1147 1737 Ἀτθίδος,
1169 1653 1244 1738 περὶ
1268 1651 1393 1739 σχημά-

252 1784 321 1827 των
345 1755 548 1846 Ὁμηρικῶν,
577 1758 651 1845 περὶ
679 1760 945 1844 κατεψευσμένης
973 1761 1136 1846 ἱστορίας,
1164 1761 1238 1847 περὶ
1265 1763 1399 1844 παθῶν,

253 1866 328 1953 περὶ
351 1866 462 1935 τόνων
484 1868 807 1952 κατηναγκασμένον
830 1871 944 1952 βιβλία
963 1868 1009 1952 β’,
1031 1867 1106 1952 περὶ
1124 1866 1235 1935 τόνων
1254 1870 1398 1935 σκολιῶν

215 1995 240 2036 ιτ
253 1978 388 2060 βιβλίον
412 1973 458 2060 α’,
483 1973 558 2058 περὶ
582 1976 781 2064 προσφδιῶν
806 1972 846 2058 ε’,
872 1975 947 2060 περὶ
971 1980 1154 2060 στοιχείων,
1178 1974 1253 2061 περὶ
1275 1975 1398 2059 προθέ-

255 2099 355 2167 σεων,
388 2083 463 2169 περὶ
493 2086 560 2149 τῶν
592 2079 751 2167 Διδόμου
780 2086 952 2167 πιθανῶν,
983 2082 1058 2168 περὶ
1089 2086 1295 2166 συνθέσεως,
1323 2082 1398 2166 περὶ

254 2190 531 2276 διφορουμένων,
560 2188 634 2274 περὶ
663 2191 724 2256 τοῦ
747 2193 811 2283 τίς,
839 2189 914 2274 περὶ
938 2192 1062 2274 γενῶν,
1090 2189 1165 2277 περὶ
1188 2187 1399 2275 πνευμάτων,

253 2296 328 2383 περὶ
351 2299 529 2381 κτητικῶν,
554 2296 627 2381 περὶ
652 2299 816 2380 συζυγίας.

342 2403 520 2470 LXXVIII.
537 2399 796 2481 Ἀπολλώνιος
807 2399 1029 2490 Ἀρχεβούλου
1042 2399 1063 2489 ἢ
1076 2401 1251 2490 Ἀρχιβίου.
1275 2408 1399 2490 ἔγραψε

214 2532 240 2571 20
254 2511 329 2595 περὶ
351 2511 472 2592 λέξεων
492 2507 678 2597 Ὁμηρικῶν
701 2509 784 2603 κατὰ
808 2523 982 2596 στοιχεῖον.

343 2620 489 2685 LXXIX.
520 2616 783 2696 Ἀπολλώνιος
798 2614 1029 2705 Ἀφροδισιεδς
1048 2614 1219 2704 ἀρχιερεὺς
1236 2618 1291 2685 καὶ
1311 2621 1398 2685 ίστο-

254 2725 355 2813 ρικός.
401 2727 546 2812 γέγραφε
574 2725 721 2811 Καρικά,
748 2723 823 2809 περὶ
855 2722 1046 2810 Τράλλεων,
1073 2725 1149 2812 περὶ
1170 2723 1315 2812 Ὀρφέως
1342 2724 1398 2790 καὶ

252 2837 321 2902 τῶν
344 2829 485 2900 τελετῶν
507 2830 622 2900 αὐτοῦ.

343 2943 469 3008 LXXX.
503 2938 768 3018 Ἀπολλώνιος
796 2937 942 3019 Τυανεὺς
965 2939 1168 3027 φιλόσοφος,
1191 2938 1266 3020 υίὸς
1285 2935 1399 3007 Ἀπολ-

328 3107 340 3153 1
362 3103 480 3170 Πτολεμ.
501 3106 524 3153 Δ
594 3099 687 3156 Verbo
704 3100 845 3155 Eudooiae
870 3104 1001 3171 corrupte
1023 3098 1155 3172 διάδοχος
1177 3099 1399 3172 Ἐρατοσθένους

254 3180 302 3234 καλ
322 3174 507 3249 Εὐφορίωνος
525 3181 574 3235 καλ
596 3179 739 3251 Τιμάρχου
758 3181 869 3236 sanavit
889 3183 1026 3249 Μαίναλον,
1044 3182 1124 3238 Auel.
1140 3201 1167 3252 p.
1185 3190 1217 3237 10

324 3260 453 3315 LXXVII
476 3263 551 3317 Eoo.
571 3280 598 3331 p.
620 3268 678 3316 107.
716 3260 756 3316 cf.
776 3262 871 3329 Βοιώ,
896 3262 974 3316 stud.
997 3282 1023 3333 p.
1044 3270 1077 3318 77
1168 3261 1397 3333 ὀγραμματικοῦ

252 3340 352 3397 tollere
375 3342 491 3398 volebat
514 3342 639 3412 (lupercos
664 3340 859 3412 τεχνογράφου
882 3342 930 3396 καὶ
955 3346 1105 3412 δαιμονίου
1131 3345 1180 3413 τῆς
1205 3341 1400 3413 γραμματικῆς

253 3422 329 3479 Eud.
349 3420 554 3494 τεχνογράφοι),
573 3421 764 3494 γραμματικός
778 3423 849 3478 coni.
864 3422 949 3478 Daub
1004 3431 1020 3478 6
1039 3417 1056 3492 ἢ
1077 3427 1141 3479 ante
1160 3423 1216 3477 τῶν
1235 3423 1298 3477 add.
1313 3422 1398 3476 Daui)

254 3510 269 3557 7
289 3501 449 3571 συντάξεων
468 3511 491 3558 Δ
562 3502 693 3575 βημάτων
712 3504 798 3559 Daub
871 3499 1067 3572 θόηματικῶν
1086 3507 1155 3560 vett.
1174 3503 1236 3558 cdd.
1256 3503 1331 3558 Euo.

255 3590 288 3638 10
307 3582 455 3655 ὀνομάτων
475 3603 544 3642 corr.
564 3586 701 3640 Καείτωλε
724 3580 857 3654 βημάτων
880 3582 945 3637 libri
963 3583 1039 3639 Eoo.
1128 3590 1158 3638 11
1183 3583 1232 3637 καλ
1250 3586 1316 3638 ante
1334 3582 1398 3652 περὶ

253 3666 325 3720 deal.
345 3666 408 3722 edd.
429 3671 536 3719 ABEH
622 3674 654 3724 16
673 3665 737 3734 περὶ
757 3666 813 3718 τῶν
833 3659 962 3733 Διδάμον
983 3695 1015 3703 -
1034 3662 1196 3727 συνθέσεως
1216 3680 1270 3719 om.
1285 3663 1361 3718 Eud.

255 3749 286 3797 17
307 3746 543 3816 διαφορουμένων
562 3750 640 3798 BE!
659 3745 730 3814 ταῖς.
751 3743 912 3798 emendavit
928 3743 1030 3801 Portos

324 3825 490 3889 LXXXVIII
515 3832 547 3880 19
565 3821 699 3897 Ἀρχιβίου
717 3825 821 3880 διιίιίσε
836 3845 856 3879 s.
870 3819 980 3893 Ἀπίων,
997 3821 1129 3897 Ἀρχίβιος
1142 3825 1286 3881 revocavit
1301 3824 1397 3881 Vmoi-

253 3919 310 3958 εοκ.
330 3905 440 3975 Proleg.
459 3907 552 3977 Apoll.
572 3925 597 3977 p.
614 3906 639 3959 II
653 3923 710 3975 seq.
736 3900 875 3977 Ἀρχεβίου
893 3906 965 3976 ταῖς.

325 3984 438 4039 LXXIX
457 3986 533 4043 Eud.
553 4006 580 4057 p.
601 3992 643 4042 86.
682 3984 722 4039 ef.
740 3986 843 4040 Miiller
861 3985 899 4038 IV
917 4004 943 4056 p.
964 3993 1016 4040 310
1097 3984 1396 4057 21Aphrodisiensem

254 4067 283 4118 et
303 4082 440 4120 summum
460 4067 635 4123 sacerdotem
650 4065 772 4136 Aegypti
786 4066 915 4122 confusos
935 4084 995 4122 esse
1010 4084 1043 4122 ex
1058 4066 1153 4136 Steph.
1168 4068 1232 4137 Byz.
1250 4085 1276 4121 v.
1291 4067 1399 4133 Λητοῦς
1482 4090 1487 4100 ·

252 4140 333 4208 πόλις
351 4146 489 4201 conclusit
503 4149 663 4203 Gutschms'd
677 4147 736 4218 (qui
751 4145 893 4216 improbat
906 4146 1040 4201 Meineisii
1054 4145 1219 4216 scripturam
1234 4137 1398 4217 άναγράφει

252 4242 303 4296 pro
317 4222 534 4298 άναγράφεται).
558 4230 634 4283 ldem
649 4229 823 4283 sacerdotem
837 4227 1064 4297 Letopolitsnum
1080 4227 1115 4281 de
1130 4227 1241 4296 Orpheo
1256 4227 1399 4295 scripsisse

253 4312 330 4364 ratus
350 4313 400 4364 est.
438 4309 478 4364 ef.
498 4312 557 4366 eius
577 4313 673 4365 notam
693 4310 728 4363 ad
748 4310 866 4379 Shsrpe‚
885 4308 953 4379 Aeg.
975 4307 1142 4364 Gesohichte
1161 4307 1186 4360 II
1205 4326 1232 4376 p.
1253 4314 1304 4362 164

253 4396 286 4443 22
306 4387 379 4446 κατά
398 4390 454 4445 τῶν
472 4392 610 4447 τελευτῶν
628 4391 703 4445 Eud.
724 4407 793 4444 corr.
809 4391 910 4445 Harlee

325 4470 425 4526 LXXX
448 4472 524 4528 Eud.
548 4492 574 4544 p.
595 4480 638 4541 97,
662 4489 732 4541 quoe
756 4488 811 4525 om.
835 4468 897 4534 υίὸς
922 4503 953 4510 -
977 4466 1083 4541 ἤκμαζε
1108 4468 1161 4541 μὲν
1184 4471 1212 4523 et
1237 4464 1285 4537 ἐφ’
1306 4461 1340 4524 οὗ
1364 4500 1398 4510 -
