3036 5114
222 307 264 371 88
687 305 901 363 HESYCHIUS.

223 465 401 555 ὀνομάτων
432 472 546 554 βιβλία
578 465 624 553 μ’,
661 465 820 554 ἐπιτομὴν
851 470 919 534 τῶν
947 464 1166 554 Ἡρακλείδου
1198 468 1369 552 ἱστοριῶν,

222 575 296 662 περὶ
315 579 383 643 τῶν
402 572 550 662 ἀρχαίων
569 573 721 663 ῥητόρων
740 575 795 643 καὶ
814 580 882 643 τῶν
901 573 1023 662 λόγων,
1042 569 1092 654 οἷς
1112 575 1268 660 ἐνίκησαν
1284 571 1370 661 πρὸς

223 679 388 769 ἀλλήλους
411 680 661 770 ἀγωνιζόμενοι.

314 786 378 873 [ὅτι
394 787 522 874 Ἥρωνα
546 790 723 876 ἐπέτρεψεν
750 787 870 858 ἑαυτὸν
894 787 912 858 ὁ
937 788 1105 877 Πρόκλος,
1132 787 1232 876 ἀνδρὶ
1255 797 1371 857 θεοσε-

197 902 278 982 εβεῑ
298 895 353 962 καί
372 900 501 963 τελείαν
520 894 735 982 παρασκευήν
755 896 905 983 ίσχηκότι
923 901 991 964 τῶν
1009 893 1090 963 κατὰ
1109 894 1170 984 τήν
1189 900 1367 965 παίδευσιν

225 1000 334 1086 ὁδῶν,
356 999 588 1089 Ἁλεξανδρελ,]

313 1109 496 1178 ΟΟΟΧΧΧ.
530 1105 714 1188 Ἡσίοδος
738 1117 905 1198 Κυμαῖος,
936 1112 1012 1190 νέος
1039 1110 1077 1178 δὲ
1103 1111 1277 1198 κομισθεὶς
1303 1109 1370 1179 ὑπὸ

224 1220 285 1286 τοῦ
308 1214 431 1304 πατρὸς
450 1222 539 1285 Δίου
563 1217 618 1284 καὶ
639 1216 762 1304 μητρὸς
781 1217 979 1306 Πυκιμήδης
998 1217 1170 1308 ἐν”Ασκρη
1188 1223 1248 1306 της
1266 1225 1372 1287 Βοίω-
1419 1208 1426 1219 ’

224 1331 304 1405 τίας.
350 1332 594 1412 γενεαλογείται
625 1325 662 1392 δὲ
690 1322 776 1393 εἶναι
803 1328 864 1393 τοῦ
896 1330 983 1393 Δίου
1008 1330 1068 1394 τοῦ
1094 1324 1283 1406 Ἀπέλλιδος
1310 1330 1372 1394 τοῦ

187 1458 211 1498 ιο
226 1432 457 1519 Μελανύπου,
489 1430 530 1501 όν
562 1438 648 1519 φασί
679 1458 767 1510 τινες
792 1435 853 1500 τού
875 1430 1020 1522 Ὁμήρου
1045 1433 1255 1521 προπάτορος
1284 1432 1372 1502 εἶναι
1459 1518 1462 1527 Ι

83 1571 104 1597 s
177 1560 181 1623 ξ
224 1538 370 1626 πάππον,
392 1537 437 1619 ὡς
456 1536 664 1621 ἀνεψιαδοῦν
682 1537 769 1608 εἶναι
782 1536 943 1607 Ἡσιόδου
961 1537 1191 1628 τὸνὍμηρον,
1212 1539 1369 1628 ἑκάτερον
1397 1528 1446 1565 '⁸⁴'

226 1647 264 1716 dl
283 1645 346 1715 ἀπὸ
367 1651 427 1715 τού
440 1646 621 1727 ’Ἄτλαντος
638 1646 850 1733 κατάγεσθαι.
882 1646 1049 1734 ποιήματα
1068 1647 1106 1715 δὲ
1125 1645 1229 1717 αὐτοῦ
1248 1651 1367 1716 ταῦτα·

224 1760 405 1842 Θεογονία,
436 1753 541 1843 ’Έρμα
577 1756 632 1823 καὶ
660 1752 813 1843 Ἡμέραι,
843 1751 970 1840 Ἀσπίς,
1005 1759 1182 1847 Γυναικῶν
1214 1752 1373 1842 ήρωινῶν

226 1865 408 1949 κατάλογος
431 1863 467 1930 ἐν
489 1868 633 1950 βιβλίοις
655 1862 694 1952 ε’,
718 1861 907 1950 ἐπικήδειον
926 1867 979 1942 είς
998 1860 1175 1950 Βάτραχόν
1197 1888 1273 1931 τινα
1292 1863 1372 1951 ἐρύ-

189 1995 213 2035 ιτ
227 1998 330 2059 μενον
357 1969 476 2057 αύτοῦ,
507 1971 582 2059 περὶ
605 1974 671 2038 τῶν
692 1968 824 2037 Ἰδαίων
848 1967 1034 2038 Δακτύλων
1061 1970 1116 2037 καί
1145 1967 1230 2038 ἀλλα
1257 1970 1374 2039 πολλά.

227 2075 415 2163 ἐτελεύτησε
449 2077 486 2146 δὲ
522 2078 734 2159 ἐπιξενωθεὶς
765 2073 842 2162 παρ’
876 2074 1018 2168 Ἀντίφφ
1050 2078 1105 2144 καί
1137 2078 1310 2170 Κττμίνφ,
1342 2084 1378 2146 οἳ

228 2185 357 2274 νύκτωρ
391 2184 549 2266 δόξαντες
576 2181 730 2272 ἀναιρεῖν
760 2186 892 2272 φθορέα
921 2182 1069 2272 ἀδελφῆς
1097 2182 1209 2254 αὐτῶν
1238 2183 1376 2254 ἀνεῖλον

228 2291 288 2362 τὸν
309 2290 470 2361 Ἡσίοδον
498 2290 642 2371 ἄκοντες.
693 2284 736 2380 ἦν
765 2291 802 2359 δὲ
824 2289 972 2380 Ὁμήρου
1002 2291 1085 2360 κατά
1113 2320 1207 2372 τινας
1232 2291 1376 2380 πρεσβύ-

227 2427 332 2487 τερος,
350 2399 432 2467 κατὰ
454 2399 491 2469 δὲ
510 2398 635 2479 ἀλλους
653 2398 849 2486 σύγχρονος.
886 2398 1184 2495 λλορφύριος<δὲ>
1204 2401 1260 2468 καὶ
1279 2398 1376 2469 ἄλλοι

173 2512 380 2577 ἰοπλείστοι
409 2506 573 2595 νεώτερον
606 2507 638 2598 ρ’
669 2509 835 2587 ἐνιαυτοῖς
871 2504 1056 2593 ὁρίζουσιν,
1089 2505 1134 2588 τός
1165 2507 1220 2594 λβ’
1251 2506 1392 2597 μόνους,

234 2613 409 2696 ἐνιαυτοὺς
432 2629 674 2705 συμπροτερεῐν
696 2618 754 2701 της
776 2612 908 2701 πρώτης
932 2610 1145 2700 ὀλυμπιάδος.

323 2724 520 2792 ΟΟΟΧΧΧΙ.
557 2720 739 2809 Ἡσύχιος
761 2719 944 2808 Μιλήσιος,
968 2718 1042 2800 υίὸς
1059 2717 1220 2809 Ἡσυχίου
1243 2721 1377 2808 δικηνό·

230 2857 294 2918 ρον
333 2832 388 2899 καὶ
424 2835 645 2917 Φιλοσοφίας,
683 2828 829 2916 γεγονός
868 2829 920 2897 ἐπὶ
949 2826 1167 2897 Ἀναστασίου
1206 2830 1376 2916 βασιλέως.
1400 2846 1466 2889 εισι

305 3035 318 3082 1
339 3027 494 3083 Heraclidis
508 3026 676 3096 Lembijesse
687 3025 844 3097 suspicatur
860 3028 964 3081 Μιίλλιν
1008 3032 1026 3079 4
1040 3025 1116 3081 Haec
1130 3026 1166 3081 ad
1177 3025 1297 3080 alterum
1311 3026 1377 3082 Her.

237 3107 395 3179 spectantia
413 3124 543 3177 perverse
563 3106 662 3162 Suidae
681 3108 743 3162 add.
761 3125 795 3162 ex
809 3106 907 3161 Marin.
927 3105 978 3162 vit.
993 3105 1085 3162 Procli
1104 3122 1127 3161 c.
1142 3113 1158 3161 9

303 3186 447 3244 CCCXXX
466 3186 506 3243 cf.
527 3187 624 3256 Steph.
643 3187 706 3255 Byz.
727 3206 752 3242 v.
767 3183 872 3256 Ἄσκρη.
897 3183 1038 3255 Ἡσίοδος,
1056 3191 1197 3258 Κυμαῖος,
1220 3181 1326 3253 πατρὸς
1344 3185 1377 3241 dl

232 3271 303 3323 Δίου
318 3267 367 3322 καὶ
381 3263 484 3338 μητρός
494 3262 668 3336 Πυκτμήδης.
693 3266 757 3330 νέος
772 3265 803 3322 δὲ
820 3267 968 3337 κομισθεὶς
981 3262 1037 3322 ὑπό
1052 3264 1223 3337 τοῦπατρὸς
1238 3262 1268 3321 ἐν
1278 3261 1377 3338 ’Ἄσκρη

231 3349 298 3404 olim
318 3350 424 3404 dietum
443 3346 529 3403 fuisse
548 3346 735 3418 probabiliter
752 3351 908 3418 suspicatus
927 3351 971 3403 est
988 3349 1157 3420 Bernhardy
1237 3351 1253 3401 8
1273 3341 1377 3417 μητρὸς

232 3435 328 3487 οοι.Δ
400 3431 561 3491 ΒιωτίαςΔ
633 3425 737 3491 edite
756 3433 859 3482 ΔΗΕ
880 3431 951 3484 Δίου
969 3430 1041 3499 vulp.
1085 3423 1238 3490 Ἀιτελλίδος
1256 3432 1306 3480 AV
1325 3423 1379 3497 ἀμ-

232 3513 348 3566 πελίδου
367 3512 439 3582 ναῖς.
460 3507 653 3581 ἀμπέλιδοςΕ
729 3517 759 3565 11
779 3507 941 3581 ἀνεψιάδην
959 3511 1033 3579 ταῖς.
1052 3504 1232 3575 ἀνεψιαδούν
1250 3512 1299 3560 Π

235 3597 266 3645 12
286 3587 408 3645 ἀπὸτοῦ
427 3586 592 3654 Ἀπόλλωνος
607 3591 678 3646 coni.
694 3593 829 3647 ll'csterm.
850 3590 1013 3647 memoriam
1032 3589 1173 3645 Hellanici
1190 3584 1380 3652 Ἀτλαντωίδος

233 3671 346 3726 subesse
366 3672 462 3725 monet
477 3670 637 3725 Gatacbmid
711 3678 743 3726 13
762 3671 892 3726 mutilum
913 3689 972 3725 esse
991 3671 1111 3727 indicem
1129 3669 1273 3741 perspexit
1289 3670 1379 3725 Bern-

232 3752 321 3820 hardy
400 3757 433 3805 14
454 3747 614 3819 ἐπικήδειος
632 3754 704 3822 escle.
726 3748 889 3821 ἐπικήδειον
909 3755 985 3804 nv
1059 3756 1091 3805 16
1111 3746 1310 3821 κεκτημένων

235 3837 268 3886 17
288 3824 383 3885 αύτῶν
402 3835 424 3883 Δ
444 3824 554 3885 ἔαυτόν
572 3832 644 3898 vulp.
663 3826 788 3885 αύτῶνΕ
845 3838 877 3887 19
897 3833 989 3900 Πορφ.
1008 3829 1039 3886 δὲ
1061 3830 1109 3884 καὶ
1128 3828 1226 3899 scripsi
1241 3827 1378 3883 Wederm.

234 3913 344 3966 secutus
364 3912 456 3978 Πορφ.
476 3907 525 3963 καὶ
543 3909 616 3964 libri.
645 3911 686 3964 De
704 3911 861 3982 l'orphyrio
881 3932 905 3966 v.
926 3911 995 3968 Mus.
1012 3912 1098 3967 lthen.
1113 3910 1214 3965 XXXV
1233 3929 1259 3980 p.
1282 3916 1331 3965 197

305 3989 462 4046 cccxxxl
485 3989 582 4046 Vitam
601 3991 734 4060 Hesychii
756 3994 792 4048 ab
816 3992 1000 4062 epitomatore
1024 3991 1150 4046 additam
1174 4007 1235 4045 esse
1259 3994 1377 4048 constat.

236 4074 275 4130 ef.
293 4073 400 4128 Unters.
420 4089 447 4139 p.
462 4076 496 4125 96
513 4075 570 4126 not.
586 4077 610 4125 2.
648 4071 776 4127 Ceterum
796 4074 829 4127 ef.
849 4073 959 4139 Mdller,
979 4073 1012 4126 fr.
1031 4071 1096 4127 hist.
1111 4071 1146 4124 lV
1168 4089 1195 4141 p.
1213 4076 1272 4140 154,
1291 4069 1381 4140 Daub,

236 4154 313 4210 Stud.
328 4171 355 4222 p.
371 4158 386 4206 3
442 4158 476 4206 23
490 4153 603 4219 Σοφίας
617 4171 632 4206 e
647 4153 717 4207 coni.
732 4155 813 4224 ταῖς,
830 4154 1002 4221 Φιλοσοφίας
1016 4156 1118 4205 nvn
1133 4149 1279 4207 doetrinae
1292 4168 1381 4222 genus

235 4238 264 4292 in
287 4238 341 4292 hoe
363 4232 499 4288 vocabulo
522 4233 612 4287 latere
634 4235 746 4303 putavit
768 4235 933 4304 Bernhardy
957 4234 1126 4302 φιλοσοφίας
1148 4230 1284 4302 νέμοντος
1306 4231 1382 4285 haud

236 4315 420 4389 probabiliter
438 4315 536 4383 Πανί),
559 4312 710 4384 δικηφόρου
734 4315 783 4369 καὶ
806 4311 965 4385 φιλοσόφου
988 4315 1048 4384 ipse
1070 4313 1177 4369 tentavi
1201 4313 1270 4366 Mus.
1291 4312 1379 4367 Rhen.

236 4399 337 4454 XXXV
357 4417 384 4468 p.
404 4402 454 4451 231
474 4398 531 4449 not.
552 4400 581 4462 2,
605 4412 659 4464 quo
683 4396 745 4451 loco
764 4396 877 4452 uberius
899 4397 934 4450 de
956 4393 1090 4463 Hesychii
1113 4394 1206 4447 aetate
1231 4391 1381 4462 disputavi.

238 4481 348 4542 Addere
366 4480 492 4550 poteram
510 4494 536 4531 v.
558 4471 696 4545 Γαληνός;
720 4470 803 4532 ἅτινα
822 4475 870 4532 διὰ
893 4472 925 4530 τὸ
944 4476 1029 4530 πᾶσιν
1051 4470 1125 4529 εἶναι
1147 4469 1274 4544 ηνόριμα
1297 4493 1381 4528 κατα-
