3036 5114
222 337 266 403 44
427 388 430 392 .
685 342 900 400 HESYCHIUS.

222 506 341 588 βιβλία
363 501 409 587 β’,
428 505 552 576 ,ε’θνῶν
581 501 768 592 κατάλογον
790 505 845 573 καὶ
868 504 1014 592 πόλεων,
1041 506 1116 594 περὶ
1139 510 1287 592 ποιητῶν
1310 507 1365 576 καί

223 616 404 696 σοφιστῶν,
427 613 482 678 καί
506 610 589 680 άλλα
613 602 728 701 σνχνάζ

312 719 469 787 CLXXII.
507 721 759 808 Δαμόκριτος
774 722 948 808 ἱστορικός.
964 719 1098 791 τακτικὰ
1113 722 1150 790 ἐν
1163 728 1306 809 βιβλίοις
1319 723 1366 809 β’,

182 921 185 927 Ι
223 822 298 909 περὶ
314 821 489 895 Ἰουδαίων
515 829 565 912 [ἐν
589 820 615 920 6
639 849 756 916 φησιν,
780 826 831 899 ότι
850 833 978 917 χρυσῆν
998 826 1082 899 ύνου
1099 829 1248 918 κεφαλὴν
1266 852 1365 918 νιροσ-

196 935 381 1019 5εκύνονν,
413 935 468 1003 καί
495 939 577 1005 κατὰ
606 937 777 1007 ἑπταετίαν
806 940 903 1019 ξένον
930 934 1129 1025 ἀγρεύοντες
1156 940 1366 1027 προσέφερον

222 1041 277 1108 καὶ
300 1039 382 1111 κατὰ
405 1042 505 1111 λεπτά
528 1043 587 1125 τὰς
609 1044 734 1132 σάρκας
757 1048 925 1128 δείξαινον
947 1048 1003 1116 καί
1027 1046 1133 1128 οὕτως
1156 1045 1331 1136 άνῄρουν].

311 1150 486 1221 CLXXIII.
523 1153 752 1247 Δαμόξενος
771 1153 950 1242 Ἀθηναῖος
968 1155 1130 1243 κωμικός,
1152 1158 1220 1224 τῶν
1241 1154 1365 1243 δραμά-
1414 1196 1415 1199 ¹

222 1283 290 1326 των
314 1254 419 1327 αὐτοῦ
442 1258 694 1350 Σύυτροφοι,’
673 1289 721 1351 ως
722 1259 945 1353 Ἀθτγναιοςλ
948 1264 1032 1355 ε’γει
1032 1263 1123 1356 ἐν]
1143 1272 1366 1351 Δεικνοσοφι·

225 1369 329 1450 στῶν,
352 1364 432 1433 καὶ
432 1366 566 1436 Εαυτὸν
588 1366 787 1454 πενθῶν,’
765 1397 809 1450 ως
831 1367 971 1437 πάλιν
958 1397 975 1439 o
1001 1368 1100 1451 αὐτὸς
1123 1373 1159 1439 ἐν
1183 1375 1227 1438 τῶ
1253 1369 1309 1440 ια’.

122 1510 125 1515 <
184 1490 209 1529 1⁰
312 1474 483 1544 CLXXIV.
507 1474 978 1564 Δαμόστρατοςίστορικός.
1001 1473 1168 1546 ἁλιευτικὰ
1179 1480 1367 1565 ἐνβιβλίοις

222 1606 242 1648 κ
246 1578 333 1648 ’καὶ
361 1582 435 1668 περὶ
463 1588 521 1670 τῆς
548 1582 696 1670 ἐνύδρου
723 1588 882 1672 μαντικῆς
909 1585 1008 1652 καὶ”
988 1611 1082 1693 ετερα
1106 1585 1270 1685 σύμμικτα
1294 1583 1364 1673 ἐχό-

222 1714 307 1774 μενα
331 1692 485 1776 ίστορίας.

311 1798 469 1867 OLXXV.
502 1799 734 1886 Δαμόφιλος
753 1798 951 1886 φιλόσοφος,
975 1800 1146 1888 σοφιστής,
1171 1798 1212 1870 όν
1227 1751 1365 1888 ἆνεδρί-
1399 1883 1402 1892 y

221 1917 307 1983 φατο
329 1902 549 1986 Ἰουλιανὸς
536 1934 553 1974 o
578 1907 630 1974 ἐπὶ
650 1905 795 1993 Μάρκου
817 1911 878 1976 τοῦ
900 1904 1101 1995 βασιλέως”
1079 1932 1213 1992 υπατος,
1236 1907 1367 1995 γράψας
1398 1894 1445 1921 '⁸³'

182 2027 208 2068 ¹⁵
220 2015 410 2098 πάμπολλα,
439 2006 521 2098 ἐξ
496 2042 543 2082 ων
573 2013 676 2100 ταύτά
683 2042 761 2102 μοι
790 2012 971 2106 εὕρηται
953 2016 1004 2083 ἐπὶ
1032 2029 1103 2094 ταῖς
1130 2019 1197 2110 τῶν
1225 2020 1366 2102 βιβλίων

144 2112 354 2211 θήκαις·
381 2117 619 2207 Φιλόβιβλος”
600 2149 620 2208 6
640 2122 714 2208 περὶ
732 2119 935 2209 άξιοκτήτωυ
948 2102 1100 2208 βιβλίων,
1119 2120 1202 2209 πρὸς
1222 2122 1366 2191 Λόλλιον

220 2226 393 2314 Μάξιμον,
416 2228 491 2314 περὶ
514 2226 633 2314 βίόυ
615 2233 777 2316 αρχαίων,
799 2229 898 2296 καὶ”
878 2255 972 2314 ετερα
995 2227 1179 2317 πάμπολλα.

309 2337 479 2404 CLXXVI.
517 2342 628 2421 Δαφί
631 2340 651 2402 δ
656 2363 698 2415 ας
720 2335 920 2422 Τελμισσεύς
937 2336 1173 2423 γραμματικός,
1192 2335 1368 2425 γεγραφῶς

149 2515 153 2545 Ι
219 2442 295 2528 περὶ
311 2438 456 2529 Ὀμήρου
474 2442 530 2509 καὶ
548 2446 606 2530 τῆς
623 2442 787 2529 ποιήσεως
806 2440 912 2511 αὐτοῦ
930 2440 981 2510 ότι
1000 2442 1175 2523 ἐγεύσατο·
1191 2441 1367 2529 Ἀθηναῖοι

149 2548 153 2595 ³
181 2564 207 2605 ²⁰
221 2547 284 2636 γὰρ
309 2547 370 2617 ούκ
394 2548 615 2638 ἐστράτευσαν
639 2549 691 2617 ἐπὶ
706 2547 823 2618 Ἴλιον.
857 2541 914 2636 [ἦν
935 2549 971 2618 δὲ
991 2541 1088 2630 οὗτος
1106 2550 1368 2640 λοιδορούμενος

219 2657 320 2726 παντὶ,
349 2659 403 2725 καὶ
431 2659 543 2744 μέχρις
570 2653 682 2726 αὐτῶν
712 2654 756 2744 μὴ
781 2656 979 2743 φειδόμενος
1007 2660 1075 2727 τῶν
1100 2663 1208 2745 θεῶν,
1238 2655 1365 2745 <ῶστε>

225 2808 240 2815 ..
248 2807 435 2814 ‚„„—..-.—...

220 2906 368 2976 προγόνων
386 2909 442 2962 τῶν
457 2904 734 2976 -στρατευσάντων
748 2907 847 2974 Dauo,
867 2907 940 2975 qood
959 2907 1060 2976 probat
1074 2908 1210 2977 Ερτιιοίβ,
1229 2907 1292 2975 περὶ
1311 2907 1367 2962 τῶν

221 2984 252 3043 ἓν
268 2983 380 3042 Ἑλλάδι
399 2989 488 3056 γενῶν
508 2987 540 3042 ἕν
559 2987 628 3042 coni.
648 2986 808 3041 Gulsclemid
884 2992 899 3040 2
919 2983 1007 3054 συχνά
1027 3004 1081 3042 om.
1101 2988 1177 3042 Eud.

292 3066 415 3122 CLXXII
439 3069 514 3123 Eud.
539 3087 564 3138 p.
584 3075 643 3123 221,
683 3067 722 3121 cf.
743 3066 844 3121 Mfiller
863 3066 902 3120 lV
920 3085 947 3135 p.
966 3073 1017 3121 377
1105 3077 1121 3122 4
1145 3068 1239 3123 Verba
1261 3067 1368 3122 incluse

221 3167 275 3205 om.
296 3150 381 3217 Eud„
399 3150 493 3217 itaque
513 3148 698 3218 expungendo.
717 3163 774 3202 esse
794 3148 851 3203 dixi
869 3149 939 3202 Mus.
959 3148 1039 3202 Rhon
1065 3148 1168 3202 XXXV
1187 3167 1213 3218 p.
1233 3154 1299 3215 209,
1321 3165 1367 3203 ea-

220 3228 285 3283 dem
303 3229 366 3283 sdd.
381 3225 554 3297 Αίδιοτιικήν
574 3225 698 3295 ίστορίαν
716 3227 765 3281 κοιλ
783 3223 867 3296 ἄλλα,
886 3245 957 3296 quae
971 3229 1057 3284 verbe
1075 3246 1109 3283 ex
1126 3228 1250 3298 pleniore
1265 3227 1367 3284 Suidse

221 3310 374 3381 exemplari
392 3326 519 3365 manasse
539 3311 620 3379 putet
639 3310 737 3376 Daub;
756 3325 791 3363 ex
805 3308 958 3363 Democriti
972 3308 1122 3364 Abderitae
1140 3309 1212 3377 vilo,
1236 3309 1284 3377 qui
1302 3309 1367 3363 scri·

220 3390 278 3461 psit
296 3390 359 3460 περὶ
382 3391 438 3446 τῶν
463 3385 494 3445 ἐν
514 3385 613 3460 Μερόῃ
634 3387 716 3457 ίερῶν
738 3386 923 3459 γραμμάτων,
949 3390 1002 3444 huo
1021 3388 1130 3443 intruso
1149 3406 1209 3444 esse
1227 3389 1368 3459 persuasit

223 3472 328 3526 Μιλλλιν

292 3552 428 3607 CLXXIII
447 3553 521 3608 Eud.
541 3571 569 3622 p.
589 3558 653 3618 227,
677 3567 748 3620 quse
772 3567 840 3605 voce
863 3546 986 3620 κωμικός
1003 3549 1093 3603 vilem
1116 3547 1285 3604 terminavit.
1323 3547 1366 3606 cf.

220 3631 348 3687 Meineke
368 3634 380 3686 l
399 3652 425 3703 p.
445 3637 496 3687 484
569 3639 584 3686 l
601 3648 657 3700 seq.
678 3631 954 3700 Athen.111p.101,
973 3630 1011 3684 XI
1026 3648 1052 3699 p.
1070 3635 1130 3684 468.
1149 3629 1283 3699 Hesychii
1297 3647 1364 3684 num

223 3712 349 3774 eliasib,
369 3712 497 3766 dubium:
518 3713 552 3767 ef.
573 3712 665 3776 Deub,
684 3711 719 3764 de
739 3711 814 3765 Suid.
833 3730 860 3781 p.
880 3717 932 3765 484

293 3792 426 3847 CLXXIV
446 3793 520 3847 Eud.
541 3811 567 3862 p.
587 3799 637 3846 221
713 3797 746 3844 10
764 3791 907 3860 γέγραφεν
927 3792 989 3847 edd.
1009 3792 1085 3846 Eud.

293 3872 414 3928 CLXXV
433 3873 508 3926 Eud.
527 3891 554 3941 p.
576 3878 635 3927 232.
674 3872 713 3926 Cf.
733 3870 835 3926 Miiller
858 3871 896 3926 Ill
918 3890 944 3941 p.
965 3879 1017 3927 656
1103 3877 1136 3926 13
1160 3870 1209 3925 καί
1232 3867 1367 3938 σοφιστής

222 3953 297 4007 Eud.
337 3946 370 4007 δν
391 3984 420 3991 -
443 3949 605 4025 Φιλόβιβλος
624 3947 641 4021 ἢ
662 3971 715 4008 om.
735 3953 810 4006 Eud.
830 3967 949 4022 pergens
963 3950 1088 4021 γέγραφε
1109 3951 1173 4020 περὶ
1192 3944 1367 4018 α’ξιοκτήτων

223 4034 308 4106 βιβλς
330 4035 422 4105 Φιλοβ.
441 4034 550 4098 πρῶτος
567 4032 633 4087 libri
652 4031 677 4087 α’
701 4034 824 4103 Τοαγίιω
843 4025 859 4101 ἢ
879 4049 948 4087 corr.
967 4033 1103 4087 Kuoterus
1121 4052 1150 4087 τε
1170 4049 1220 4102 pro
1239 4032 1302 4098 τερλ
1320 4038 1343 4085 V

294 4112 429 4167 CLXXVI
448 4113 522 4167 Eud.
543 4132 568 4183 p.
589 4119 640 4167 229
707 4118 739 4167 18
761 4110 929 4182 Τελμισσεύς
942 4118 964 4166 Δ
978 4113 1052 4169 Eud.
1076 4107 1278 4183 ΤελμινσεύςΕ
1299 4116 1366 4166 Τελ·

222 4192 320 4264 μισεύς
337 4194 409 4261 vulp.
463 4192 588 4261 γέγραφε
609 4192 656 4246 καί
676 4193 738 4260 περί
754 4190 812 4264 Ὁμ.
832 4194 907 4249 Eud.
973 4200 1005 4248 10
1024 4189 1114 4247 αὐτοῦ
1133 4190 1273 4262 ποιήσειας
1290 4191 1366 4259 libri,

186 4336 189 4341 ¹
223 4291 292 4328 oorr.
311 4274 396 4328 Doub
477 4279 511 4326 20
530 4267 564 4341 ἦν
584 4273 614 4327 δὲ
636 4265 718 4335 οὖτος
739 4305 770 4313 -
790 4275 855 4329 exit.
875 4294 931 4331 non
950 4276 985 4330 ab
1004 4274 1143 4343 Hesychio
1162 4273 1288 4342 profecte
1306 4289 1366 4327 esse

172 4366 175 4372 ·
223 4354 305 4409 doeui
328 4354 397 4408 Mus.
416 4353 503 4407 Rhea
523 4352 625 4405 XXXV
644 4373 670 4423 p.
690 4360 750 4409 200.
789 4355 935 4423 Excerpsil
953 4353 1193 4423 Pseudo-Hesych.
1213 4369 1235 4407 o.
1259 4358 1290 4407 16

223 4440 256 4487 21
277 4430 372 4490 ἐθνῶν
391 4439 413 4487 Δ
432 4451 500 4489 corr.
519 4449 591 4486 meo.
612 4435 750 4488 recentior
835 4428 903 4489 ὥστε
923 4433 971 4489 καὶ
990 4452 1058 4489 corr.
1079 4433 1299 4488 Ητνιείττλιιωίιιε
1317 4433 1370 4486 καί

224 4530 313 4582 φασιν
332 4511 403 4570 coni.
422 4511 521 4580 Πανί),
540 4512 602 4566 coll.
623 4512 698 4569 Suid.
718 4533 743 4571 v.
760 4517 886 4587 Δίδυμος
904 4517 933 4570 ολ
952 4511 1063 4586 Ζήνων;
1082 4513 1131 4567 καλ
1149 4513 1220 4585 vulp.
