3036 5114
562 413 566 418 .
621 335 832 392 εεεεοαιαε.
1233 335 1295 398 153

155 498 240 570 εἶναι
268 500 398 588 θνητὸν
424 503 469 592 τῷ
498 500 630 586 μεγέθει
657 502 716 585 τῆς
743 497 890 585 φύσεως·
922 500 957 564 οί
984 495 1045 582 μέν
1073 495 1136 582 γὰρ
1167 499 1295 580 ἔφασαν

154 609 313 693 γενέσθαι
336 615 552 695 Σμυρναῖον,
580 608 615 673 οἱ
637 604 675 673 δὲ
697 613 798 690 Χῖον,
824 609 860 673 οί
881 605 917 673 δέ
937 603 1177 689 Κολοφώνιον,
1203 607 1238 671 οί
1259 609 1296 673 δὲ
1352 631 1362 645 ’·

151 713 272 803 Ἰήτην,
292 719 327 784 οἱ
343 715 380 783 δὲ
395 722 562 801 Κυμαῖον,
582 715 617 780 οί
634 711 672 780 δὲ
690 714 725 780 ἐκ
743 717 865 800 Τροίας
882 709 947 779 άπὸ
968 717 1093 798 χωρίου
1108 715 1297 798 Κεγχρεῶν,

155 827 189 890 ολ
210 823 247 891 δὲ
273 822 406 907 Λυδόν,
430 823 466 888 οί
487 818 524 888 δὲ
544 815 743 907 Ἀθηναῖον,
767 823 802 886 οί
823 819 860 888 δὲ
880 816 1088 905 Ἰθακήσιον,
1114 822 1147 886 οί
1169 819 1206 887 δὲ
1230 817 1296 886 Κύ-

154 954 265 1013 πριον,
289 931 324 994 ολ
346 927 383 994 δὲ
402 932 624 1013 Σαλαμίνιον,
648 930 684 994 ολ
703 927 739 995 δὲ
758 925 951 1011 Κνάσσιον,
975 929 1010 994 οί
1026 926 1064 995 δὲ
1084 934 1324 1012 Μυκηναῖον,ε

155 1038 191 1103 οί
216 1034 252 1102 δὲ
281 1034 481 1121 Αίγύπτιον,
512 1038 546 1102 ολ
572 1034 610 1103 δὲ
636 1034 817 1120 Θετταλόν,
849 1037 883 1102 οί
909 1033 946 1101 δὲ
971 1030 1175 1120 Ἰταλιώτην,
1199 1037 1234 1102 οί
1260 1033 1297 1102 δὲ

156 1141 346 1225 Λευκανόν,
380 1144 415 1208 οί
442 1140 478 1207 δὲ
508 1140 671 1225 Γράνιον,
700 1144 735 1208 οί
761 1139 798 1208 δὲ
820 1137 1000 1226 Ῥωμαῖον,
1033 1144 1067 1208 οί
1094 1141 1129 1208 δὲ
1155 1138 1297 1209 Ῥόδιον.

154 1249 208 1316 καὶ
231 1247 496 1336 προσηγορεύετο
520 1246 582 1334 μὲν
604 1253 727 1331 κυρίως
745 1242 978 1334 Μελησὶγένης
1000 1248 1069 1332 (καὶ
1092 1245 1156 1335 γάρ
1178 1249 1296 1335 ἐτέχθη

155 1355 242 1443 παρά
265 1360 311 1448 τῷ
332 1357 460 1442 Μέλητε
483 1358 618 1446 ποταμῷ
642 1352 724 1422 κατά
747 1353 826 1434 τοὺς
844 1362 1044 1442 Σμυρναῖον
1063 1353 1166 1422 αὐτὸν
1185 1381 1297 1441 γενεα-

154 1464 367 1553 λογοῦντας),
395 1461 519 1549 ἐκλήθη
550 1460 587 1529 δέ
601 1458 745 1549 ’Όμηρος
768 1460 824 1529 διά
847 1459 885 1530 τὸ
907 1464 1056 1548 πολέμου
1079 1463 1297 1549 ἐνισταμένου
1311 1490 1338 1529 ιο

153 1576 361 1658 Σμυρναίοις
387 1566 470 1657 πρὸς
492 1574 738 1655 Κολοφωνίους
761 1567 886 1657 ὅμηρος
910 1573 1071 1656 δοθῆναι,
1100 1565 1120 1657 ἢ
1146 1568 1196 1639 ὅτι
1219 1576 1296 1656 βου·

153 1679 343 1766 λευομένων
372 1683 578 1765 Σμυρναίων
612 1681 771 1767 δαιμονίᾳ
802 1677 870 1745 τινὶ
902 1678 1051 1767 ἐνεργείᾳ
1082 1680 1296 1763 φθέγξασθαι

35 1803 39 1810 ’
152 1786 206 1853 καὶ
226 1788 473 1872 συμβουλεῦσαι
493 1784 742 1870 ἐκκλησιάζουσι
761 1785 836 1872 περὶ
852 1790 913 1853 τοῦ
927 1786 1082 1872 πολέμου.
1109 1785 1165 1852 καλ
1180 1787 1296 1871 γέγονε

153 1892 190 1961 δὲ
217 1891 281 1980 πρὸ
310 1896 371 1960 τοῦ
398 1896 539 1991 τεθῆναι
571 1891 633 1979 τὴν
662 1892 695 1958 α’
724 1888 914 1979 ὀλυμπιάδα
943 1890 1009 1979 πρὸ
1045 1893 1208 1961 ἐνιαυτῶν
1236 1892 1322 1974 νζ’.“

153 2001 350 2088 Πορφύριος
386 1998 423 2067 δὲ
460 2001 497 2067 έν
529 2002 567 2088 τῇ
600 1998 777 2091 φιλοσόφῳ
808 2002 938 2089 ίστορίμ
972 1997 1056 2087 πρὸ·
1073 1997 1149 2086 ρλβ’
1182 2005 1295 2086 φησίν.
1313 2028 1338 2067 ιι

87 2161 89 2165 -
152 2109 250 2194 ἐτέθη
280 2107 318 2176 δέ
346 2104 430 2193 αὕτη
458 2104 539 2194 μετὰ
566 2105 629 2193 τὴν
660 2111 780 2194 Τροίας
809 2103 937 2175 ἅλωσιν
966 2107 1132 2185 ἐνιαυτοῖς
1155 2105 1309 2195 ὕστερον·

151 2214 211 2297 υἷ’.
247 2214 337 2294 τινὲς
359 2213 396 2282 δέ
420 2212 499 2301 μετὰ
524 2213 575 2303 ρξ’
599 2215 725 2301 μόνους
747 2212 923 2294 ἐνιαυτοὺς
946 2217 1006 2302 τῆς
1021 2210 1123 2282 Ἰλίου
1145 2210 1298 2294 άλάσεως

152 2324 305 2410 τετέχθαι
335 2325 528 2410 ἱστοροῦσιν
549 2319 713 2410 Ὅμηρον,
742 2318 760 2390 ὁ
790 2320 827 2389 δέ
855 2322 971 2409 ῥηθείς
993 2321 1191 2409 Πορφύριος
1217 2319 1298 2409 μετὰ

153 2429 233 2499 σοι’.
275 2427 382 2516 γήμας
407 2426 439 2497 δ’
465 2430 502 2496 ἐν
525 2434 595 2520 Χίῳ
617 2426 844 2518 Ἀρησιφόνην
866 2428 928 2517 τὴν
953 2429 1128 2519 Γνάτορος
1150 2434 1210 2498 τοῦ
1229 2437 1298 2498 Κυ-

153 2544 256 2625 μαίου
290 2538 462 2625 θυγατέρα
491 2541 587 2623 ἔσχεν
621 2539 705 2615 υἱεῖς
733 2536 795 2604 δυό
826 2537 882 2605 καλ
913 2538 1099 2623 θυγατέρα,
1126 2533 1170 2625 ἣν
1198 2542 1298 2624 ἔγημε
1312 2565 1339 2606 το

67 2669 72 2677 ·
153 2655 319 2725 Στασῖνος
352 2641 370 2712 δ
398 2643 565 2731 Κύπριος·
596 2646 630 2710 οί
660 2642 698 2711 δὲ
730 2646 813 2723 υίεῑς
841 2641 1014 2731 Εὐρυφῶν
1045 2644 1100 2712 καὶ
1129 2644 1297 2729 Θεόλαος]

152 2755 317 2841 ποιήματα
341 2751 378 2820 δέ
401 2747 506 2819 αὐτοῦ
529 2747 756 2838 ἀναμφίλεκτα
772 2748 871 2831 Ἰλιὰς
888 2752 943 2836 καί
961 2749 1141 2821 Ὀδάσσεια.
1174 2756 1297 2839 ἔγραψε

153 2861 191 2930 δὲ
213 2860 275 2948 τὴν
292 2858 417 2929 Ἰλιάδα
440 2854 502 2944 οὐχ
525 2855 603 2945 άμα,
626 2855 706 2926 οὐδὲ
724 2857 806 2927 κατὰ
824 2856 862 2926 τὸ
883 2860 1029 2947 συνεχές,
1047 2858 1200 2947 καθάπερ
1219 2857 1297 2946 σάγ-

151 2995 269 3055 κειται,
298 2964 371 3034 ἀλλ’
402 2963 502 3045 αὐτὸς
535 2964 597 3052 μὲν
626 2963 767 3051 ἑκάστην
797 2967 973 3059 ῥαψῳδίαν
999 2966 1129 3057 γράψας
1151 2967 1206 3034 καὶ
1230 2969 1298 3035 ἐπι-

153 3073 346 3161 δειξάμενος
368 3075 405 3141 ἐν
428 3076 474 3163 τῷ
498 3085 706 3160 περινοστεῖν
729 3068 788 3152 τὰς
812 3071 925 3153 πόλεις
947 3079 1075 3162 τροφῆς
1101 3078 1214 3144 ἕνεκεν
1238 3070 1297 3142 άπ·
1312 3103 1338 3143 ιε

153 3185 277 3253 έλιπεν·
300 3178 442 3268 ὕστερον
464 3179 502 3248 δὲ
521 3181 684 3266 συνετέθη
703 3179 759 3247 καλ
785 3179 975 3269 συνετάχθη
997 3179 1061 3251 ὑπὸ
1085 3187 1219 3253 πολλῶν
1242 3183 1297 3250 καλ

152 3288 295 3376 μάλιστα
320 3284 387 3355 ὑπὸ
416 3285 662 3374 Πεισιστράτου
687 3290 749 3354 τοῦ
774 3282 966 3373 Ἀθηναίων
992 3292 1171 3378 τυράννου.
1217 3289 1298 3357 άνα-
1377 3270 1381 3279 ’

152 3397 286 3484 φέρεται
319 3393 356 3463 δέ
388 3398 436 3475 είς
467 3389 571 3463 αὐτὸν
602 3393 658 3460 καί
685 3390 769 3461 ἄλλα
796 3393 872 3462 τινὰ
899 3394 1081 3484 ποιήματα,
1112 3395 1297 3485 Ἀμαζόνια,
1378 3385 1385 3405 Ἰ

77 3592 79 3596 λ
149 3501 248 3583 Ἰλιὰς
271 3500 386 3589 μικρά,
411 3498 555 3585 Νόστοι,
575 3499 805 3586 Ἐπικιχλίδες,
825 3498 1043 3586 Ἡθιέπακτος
1065 3502 1297 3592 ἥτοιἸαμβοι,

153 3634 365 3642 ---—--——-

224 3707 240 3755 3
260 3700 300 3756 ef.
320 3699 415 3768 Steph.
434 3697 499 3767 Byz.
514 3715 539 3751 v.
553 3692 607 3758 Ἰος
660 3697 764 3765 χωρίου
778 3702 801 3749 Δ
819 3693 912 3766 χώρας
929 3700 1002 3772 υιιίρ.
1021 3696 1173 3773 Κιγχρεάν
1185 3708 1208 3755 V
1227 3706 1296 3771 Κεγ-

151 3779 241 3852 χρίαν
260 3781 309 3837 rel.
329 3798 399 3836 corr.
418 3778 596 3849 Βιτιιίιοτδγς
615 3776 649 3831 οῖ.
670 3775 766 3846 Steph.
781 3776 845 3846 Byz.
859 3796 884 3836 v,
901 3783 1044 3850 Κεγχρεαί
1058 3784 1088 3837 οῖ
1101 3782 1208 3851 Rohde,
1227 3783 1296 3837 Mus.

152 3861 240 3917 Rhen.
254 3859 370 3915 XXXIV
385 3879 412 3931 p.
427 3866 479 3915 569
534 3865 551 3912 4
569 3855 599 3912 ολ
616 3855 648 3912 δὲ
663 3855 814 3925 Αίγύπτιον
832 3866 898 3931 post
913 3857 1063 3934 Ἀθηναῖοι
1078 3865 1158 3934 ponit
1171 3869 1202 3930 Δ,
1222 3863 1295 3918 idem

152 3937 181 3996 ολ
197 3940 229 3996 δὲ
250 3938 395 3995 Κνάσσιον
415 3944 480 4010 μυεῖ
497 3935 625 4006 Κάπριον
716 3942 731 3991 7
752 3937 873 4006 Γράνιον
897 3943 967 3998 coni.
988 3943 1134 3998 Ιῖείκτείκε
1158 3940 1296 4012 Γρύνειον

152 4022 197 4076 vel
213 4017 354 4089 Γρυνήιον
368 4021 453 4075 Βακδ
467 4019 530 4074 coll.
546 4016 640 4087 Steph.
656 4017 720 4086 Byz.
734 4034 759 4073 v.
772 4022 885 4091 Γρῦνοι,
903 4019 1023 4091 Γράϊνον
1032 4029 1079 4077 BE
1093 4025 1165 4094 υκίμ.
1213 4030 1247 4079 14
1261 4025 1294 4079 cf.

152 4100 252 4155 Mfiller
267 4102 305 4155 111
319 4120 345 4170 p.
357 4107 418 4169 689,
433 4099 553 4166 Glinton,
567 4096 655 4152 fast]
670 4115 696 4166 p.
710 4103 761 4152 146
812 4108 845 4155 15
860 4098 922 4175 ρλβ’
937 4107 1017 4157 nv
1032 4101 1077 4172 ρλ’
1087 4106 1158 4174 υιιίμ.
1202 4110 1235 4159 17
1249 4102 1294 4170 υζ’

153 4180 219 4235 Par:
233 4181 348 4235 Καεῖιτῖ
367 4183 396 4236 οῖ
413 4186 461 4233 VB
480 4175 525 4246 υξ’
546 4178 594 4234 rel.
663 4182 696 4232 18
713 4176 743 4231 in
761 4181 896 4252 τετέχθαι
915 4184 1048 4255 Hesychii
1067 4202 1188 4241 errorem
1207 4184 1295 4239 latere

152 4260 224 4315 vidit
237 4259 339 4330 Rome,
354 4261 424 4316 Mus.
439 4260 527 4315 Rhen.
542 4258 659 4314 XXXVI
672 4275 700 4327 p.
712 4269 765 4318 424
819 4269 852 4319 21
869 4260 1012 4336 Εὐρυφάν
1027 4284 1095 4323 corr.
1111 4267 1293 4322 Ηεκιεῖετίιαε.

152 4340 216 4394 coll.
232 4339 308 4395 Suid.
324 4360 348 4396 v.
362 4338 552 4410 Τέρπανδρος,
563 4336 768 4416 Ἐρίφωνυιιλς.
815 4352 849 4399 22
866 4343 973 4416 ἔγραφε
984 4379 1016 4388 -
1027 4368 1086 4416 τυρ.
1101 4348 1163 4402 fort.
1179 4347 1214 4400 ab
1230 4347 1294 4400 Ηεε.

151 4419 245 4476 aliena
290 4426 325 4477 24
340 4416 459 4491 ἑκάστης
472 4420 676 4498 ραφφδίαςῖθ
725 4432 761 4483 θΒ
772 4421 918 4497 Ἀμαζόνια
933 4428 1143 4496 cornWelclcer,
1158 4425 1294 4498 Ep.0ycl.

151 4518 179 4570 p.
191 4507 240 4555 321
256 4496 400 4573 Ἀμαζονία
411 4505 483 4575 υκίρ.
520 4509 554 4560 29
566 4500 785 4579 Ἐπικηχλίδεςῖ
816 4503 1005 4569 ’Κθιέιιακτος
1018 4505 1084 4562 libri
1094 4501 1295 4563 Ἐντιιιάκτιον
