3036 5114
106 274 113 282 ·
207 311 270 376 160
666 315 882 371 HESYOHIUS.

204 471 302 552 τικός.
345 472 575 560 Αἰγυπτιακὴν
598 481 796 561 θεολογίαν,
816 475 823 566 Ι
842 481 997 562 μυθικῶν
1016 483 1149 565 βιβλίον
1167 477 1214 563 α’,
1237 477 1354 557 λύσεις

146 606 153 619 ..
203 583 272 647 τῶν
295 583 446 666 μυθικῶς
469 583 670 669 εἰρημένων,
693 579 873 671 ὑποθέσεις
895 588 943 664 είς
965 589 1174 672 Σιμωνίδην,
1205 585 1352 672 Τρωικά,

203 685 336 778 ῶτινες
359 691 405 781 εἰς
428 684 488 781 τόν
507 686 702 785 Ἀθηναῖοι),
728 689 815 777 τινὲς
838 690 875 758 δὲ
900 695 946 770 είς
968 688 1028 758 τδν
1051 691 1185 783 Πάριον
1197 690 1352 784 -ᾆνήνεγ-

204 821 276 893 καν.
323 799 446 881 ἔγραψε
469 795 523 862 καὶ
548 798 699 884 ἱστορίαν
724 801 824 864 ίδίαν.
844 795 851 887 Ι

175 937 188 976 ⁵
290 923 422 988 DOVII.
460 920 703 1008 Παλαμήδης
723 918 906 1002 Ἐλεατικὸς
928 926 1160 1010 γραμματικός.
1198 921 1349 1011 κωμικὴν

202 1028 256 1094 καὶ
279 1026 440 1115 τραγικήν
464 1030 569 1114 λέξιν,
592 1025 872 1116 Ὀυοματολόγον,
895 1027 1076 1118 ὑπόμνημα
1100 1035 1147 1111 είς
1169 1034 1349 1117 Πίνδαρον

202 1132 262 1202 τὸν
285 1136 435 1221 ποιητήν.

164 1343 168 1349 ,
289 1261 436 1328 DOVIII.
469 1261 714 1349 Παλαμήδης
730 1268 907 1330 Ναυπλίου
927 1264 981 1331 καὶ
996 1265 1184 1350 Κλυμένης,
1201 1261 1350 1351 Ἀργείος

201 1367 364 1446 ε’ποποιίς.
410 1360 454 1454 ήν
482 1368 518 1436 δὲ
547 1360 644 1449 οὗτος
673 1367 812 1451 ἀνεψιὸς
837 1376 898 1438 τοῦ
921 1373 1083 1456 βασιλέως
1102 1368 1349 1459 Ἀγαμέμνονος

162 1502 187 1540 ιο
201 1473 284 1561 πρὸς
306 1474 439 1563 μητρός,
465 1481 538 1563 ἔσχε
562 1476 599 1544 δὲ
623 1475 756 1564 εὐφυῶς
779 1478 862 1564 πρός
884 1504 919 1544 τε
942 1483 1149 1565 φιλοσοφίαν
1174 1479 1228 1546 καὶ
1252 1502 1348 1564 ποιη-

199 1579 306 1666 τικήν,
324 1583 379 1648 καὶ
399 1581 533 1669 εὑρετής
551 1585 667 1670 μέμονε
685 1589 746 1651 τοῦ
766 1584 793 1666 ζ’
813 1591 979 1673 στοιχείου
999 1587 1054 1653 καὶ
1072 1590 1134 1654 τοῦ
1152 1585 1192 1654 θ’
1212 1586 1267 1653 καὶ
1285 1590 1349 1653 τοῦ

199 1686 239 1774 φ’
262 1687 317 1754 καὶ
340 1692 401 1756 τοῦ
425 1688 468 1776 χ’,
491 1688 616 1776 ψήφων
642 1717 676 1757 τε
699 1691 754 1758 καί
777 1696 910 1759 πεσσῶν
932 1694 987 1759 καὶ
1010 1691 1124 1779 κύβων
1143 1693 1198 1760 καὶ
1216 1693 1349 1780 μέτρων

115 1849 120 1887 ¹
198 1795 254 1861 καὶ
287 1799 456 1882 σταθμῶν.
506 1796 545 1863 τὰ
577 1797 614 1865 δὲ
644 1796 810 1885 ποιήματα
841 1796 946 1866 αὐτοῦ
976 1797 1150 1886 ἠφανίσθη
1181 1797 1247 1868 ὑπὸ
1277 1803 1348 1867 τῶν

113 1906 118 1916 ’
196 1899 440 1990 Ἀγαμέμνονος
467 1903 647 1989 ἀπογόνων
676 1903 732 1972 διὰ
760 1911 946 1991 βασκανίαν
975 1906 1049 1988 <nat
1078 1904 1143 1974 ὑπὸ
1169 1910 1230 1975 τοῦ
1250 1904 1348 1992 Ὁμή-

160 2036 186 2077 ιε
200 2016 292 2096 ρον).
334 2009 574 2097 [ὑπολαμβάνω
595 2011 632 2080 δὲ
655 2013 710 2079 καὶ
733 2012 793 2080 τὸν
816 2011 1116 2100 ποιητήνὍμηρον
1140 2011 1221 2081 αὐτὸ
1245 2016 1346 2081 τοῦτο

198 2121 422 2201 πεπονθέναι,
446 2121 500 2187 καὶ
524 2123 689 2207 μηδεμίαν
711 2125 772 2187 τοῦ
795 2118 921 2206 ἀνδρὸς
944 2119 1078 2207 μνήμην
1101 2123 1331 2207 ποιήσασθαι]

286 2247 400 2313 DCIX.
438 2254 474 2312 Π
480 2273 500 2312 α
512 2253 529 2311 λ
540 2252 559 2311 λ
569 2244 591 2310 ό
602 2248 621 2311 δ
633 2272 644 2310 ι
657 2271 702 2323 ος
725 2247 922 2311 Παλλαδίου
945 2251 1151 2325 Μεθωναῖος
1174 2244 1345 2332 σοφιστής.

197 2355 315 2439 γε’γονε
344 2352 380 2419 δὲ
406 2353 456 2420 ἐπὶ
482 2354 744 2419 Κωνσταντίνου
766 2354 827 2417 τοῦ
850 2352 1020 2436 βασιλέως.
1065 2353 1139 2438 περὶ
1163 2356 1230 2420 τῶν
1254 2377 1343 2439 παρα
1366 2364 1425 2410 Μ.

192 2455 367 2545 Ῥωμαίοις
390 2459 527 2545 ἑορτῶν,
556 2460 725 2541 διαλέξεις,
749 2457 871 2543 λόγους
895 2457 1090 2546 διαφόρους,
1112 2457 1344 2546 Ὀλυμπιακόν,

159 2591 184 2629 ιο
198 2565 443 2655 πανηγυρικόν,
468 2565 650 2635 δικανικόν.

198 2765 354 2836 suspicatus
380 2769 424 2820 eet
448 2764 623 2827 Gutschmid,
650 2760 699 2830 qui
727 2759 822 2813 omnia
849 2779 919 2829 quae
948 2765 1100 2831 sequuntur
1128 2762 1165 2817 ed
1191 2761 1342 2817 Perienum

197 2845 319 2915 rettulit,
338 2846 469 2915 μυθικῶν
487 2847 511 2917 β.
526 2839 558 2898 α’
578 2840 686 2897 alibro
705 2841 769 2907 περὶ
788 2835 913 2915 ἀπίστων
932 2860 987 2897 non
1006 2842 1147 2896 diversum
1166 2859 1227 2897 esse
1245 2846 1324 2898 retus

199 2934 210 2980 1
232 2923 325 2988 λόσεις
348 2944 381 2980 ex
400 2932 423 2979 A
442 2930 478 2981 et.
498 2926 565 2978 Par.
583 2923 720 2975 Κιιείενιιε
738 2915 904 2990 ἀλληγορίας
922 2923 998 2978 Eud.
1017 2925 1078 2985 λίας
1096 2924 1168 2993 vulp
1188 2925 1257 2977 vett.
1277 2923 1341 2978 edd.
1439 2961 1442 2967 -

198 3014 213 3061 2
235 3008 369 3075 Τρωικῶν
385 3006 544 3073 fragmenta
557 3003 637 3057 dedit
653 3002 757 3056 Mede·
770 3000 796 3054 11
810 3020 837 3070 p.
852 3008 904 3056 338
919 3022 975 3071 seq.
1031 3009 1048 3056 3
1067 3003 1133 3071 quie
1151 3019 1251 3073 nempe
1266 3003 1341 3057 idem

197 3089 241 3140 est
259 3088 375 3153 uterque

267 3173 368 3229 DCVlI
382 3174 462 3243 Πανί.
477 3190 502 3241 p.
515 3179 574 3226 600.
594 3171 635 3226 Cf.
650 3171 771 3238 Fdrster‚
786 3171 855 3225 Mus.
871 3172 959 3226 Rhen.
972 3171 1048 3225 XXX
1062 3189 1089 3240 p.
1101 3177 1151 3226 331
1163 3189 1230 3240 seq„
1249 3169 1341 3239 Deub,

197 3253 273 3309 Stud.
294 3273 321 3323 p.
339 3260 388 3307 116
450 3260 466 3307 ὁ
483 3250 642 3313 Ἐλεατικὸς
661 3255 767 3302 Am
785 3246 916 3321 Ἐλεάτης
933 3254 1004 3321 vulp.
1021 3252 1105 3320 Πανί,
1124 3252 1198 3319 quod
1217 3252 1343 3321 praefert

182 3322 310 3389 'Fdrster
371 3340 386 3387 6
405 3327 613 3402 όνοματολόγον
632 3330 723 3398 ipsum
743 3333 956 3398 grammaticum
975 3334 1058 3386 vocat
1076 3333 1176 3386 Athen.
1192 3331 1230 3384 IX
1244 3351 1271 3401 p.
1287 3337 1339 3386 397

267 3421 379 3476 Dcvlss
398 3422 473 3476 Eud.
492 3441 518 3492 p.
534 3427 594 3476 694.
628 3421 667 3475 Cf.
688 3420 757 3473 Mus.
777 3420 864 3476 Rhen.
885 3422 987 3475 XXXV
1006 3440 1033 3491 p.
1048 3426 1099 3474 219
1165 3418 1342 3489 8111ιμίνης

196 3504 267 3572 vulp.
283 3503 359 3558 Eud.
378 3500 500 3572 Λιμὲνης
518 3507 539 3554 Β
559 3499 739 3570 ΚλυμένηςΒ
808 3508 823 3553 9
845 3491 879 3568 ήν
898 3499 929 3554 δὲ
950 3493 1032 3562 οὖτος
1051 3502 1080 3554 et
1099 3497 1160 3569 ἔσχε
1180 3531 1215 3539 -
1233 3519 1340 3568 ποιητι-

196 3580 249 3651 κὴν
259 3601 312 3637 οιυ.
324 3589 347 3636 A
390 3590 418 3638 11
435 3580 469 3637 θ’
479 3600 547 3638 corr.
559 3584 695 3636 Κακία-ιιι
709 3577 737 3635 π’
748 3580 821 3646 libri,
835 3582 925 3634 totum
941 3582 1032 3634 locum
1047 3579 1211 3649 compilavit
1220 3579 1342 3634 Ρετιιᾱο-

196 3662 311 3731 Πιεγιλι.
327 3680 349 3715 e.
365 3669 406 3715 33.
438 3662 572 3717 Cadmum
586 3661 726 3716 Milesium
741 3662 792 3714 has
807 3658 902 3713 literae
917 3659 1054 3713 invenisse
1069 3659 1141 3712 dixit
1155 3657 1240 3713 schol.
1255 3656 1339 3714 Dion.

195 3742 269 3807 apud
289 3741 355 3795 Vill.
375 3742 478 3796 Aneed.
498 3743 523 3794 11
542 3760 568 3811 p.
586 3748 635 3796 187
710 3748 743 3794 14
761 3742 825 3809 post
843 3741 1001 3810 βασκανίαν
1020 3740 1082 3794 edd.
1102 3745 1125 3792 A
1143 3739 1192 3792 καλ
1211 3734 1268 3794 ὑπὸ
1287 3741 1339 3794 τοῦ

191 3813 313 3887 Ὀμήρου
333 3819 449 3888 reliquis
468 3820 584 3874 omissis.
623 3820 774 3887 Sequentia
792 3836 846 3872 om.
865 3819 942 3876 Eud.
961 3837 994 3874 ex
1013 3821 1075 3874 Per.
1095 3819 1219 3874 restituit
1236 3819 1338 3873 Κιιείε-

195 3916 252 3966 νιιε,
272 3915 334 3953 eum
353 3904 437 3954 antee
455 3899 565 3954 eodieee
584 3901 614 3953 et
631 3898 695 3952 edd.
708 3899 748 3951 nil
768 3900 942 3967 praestarent
959 3899 1013 3953 nisi
1032 3894 1223 3969 ὑπολαμβάνω
1241 3896 1273 3952 rt
1289 3899 1339 3954 καλ

195 3975 245 4033 τὸν
259 3977 442 4048 ποιήσασθαι,
462 3980 536 4048 quod
550 3979 692 4049 supplevit
705 3979 761 4032 Leo
777 3977 896 4032 Allatiue
911 3978 946 4032 de
960 3981 1031 4048 patr.
1047 3977 1127 4031 Hom.
1143 3996 1165 4031 e.
1181 3984 1197 4031 4
1212 3973 1339 4049 ὑπολαμ-

195 4058 273 4131 βάνω
292 4061 323 4116 δὲ
343 4060 460 4117 καὶτὸν
481 4058 599 4117 Ἰλιακὸν
623 4056 745 4129 πόλεμον
763 4055 946 4127 ποιήσασθαι.
984 4057 1045 4126 lpse
1064 4056 1214 4112 lectionem
1234 4059 1294 4112 eod.
1315 4064 1338 4111 A

195 4143 336 4210 revocavi,
355 4143 482 4210 quamvis
502 4159 534 4195 ex
553 4139 668 4207 reliquie
686 4137 824 4192 detortam

267 4222 354 4277 DCIX
373 4222 447 4275 Eue.
467 4240 493 4289 p.
509 4226 569 4274 588.
603 4217 897 4287 Cf.Meller1vp.3
973 4224 1003 4272 17
1026 4213 1184 4280 Παλλάδιος
1204 4251 1236 4260 -
1257 4239 1337 4289 σοφι-

196 4300 261 4373 στής
279 4305 308 4359 in
327 4320 413 4371 marg.
428 4306 451 4353 A
470 4300 517 4353 rel.
538 4298 657 4364 omissis,
676 4299 838 4350 Παλλαδίου
858 4297 1002 4351 om.1t'ud.
1022 4295 1118 4365 itaque
1138 4314 1212 4367 susp.

199 4393 229 4441 18
250 4386 355 4454 ἔγραφε
376 4381 440 4451 περὶ
454 4381 529 4434 Emi.
567 4379 638 4433 IIuie
658 4379 790 4433 bitenius
809 4377 943 4445 epistolae
961 4377 1096 4444 quasdam
1116 4376 1270 4447 inscripsit,
1289 4396 1336 4431 ve·

196 4467 238 4520 lut
257 4484 301 4534 ep.
321 4472 372 4519 540
