3036 5114
166 320 237 375 XLII
594 322 878 381 PROLEGOMENA.

49 555 54 566 ,
164 508 236 552 cum
264 485 479 552 deterioribus
503 485 619 552 Suidae
649 487 755 575 libris,
785 489 890 577 rarius
921 512 994 556 cum
1022 489 1052 555 A
1079 492 1129 556 val
1153 490 1224 576 hv,
1252 513 1312 557 nec

164 594 435 677 praestantiorem
458 595 603 660 codicum
623 596 782 662 familiam
806 619 865 663 nec
883 597 1032 663 viliorem
1051 598 1237 663 communia
1254 598 1313 663 illa

163 723 306 787 unquam
326 703 514 786 praebuisse
536 703 702 788 probabile
728 705 785 790 sit,
810 705 942 770 tertiam
960 706 1055 770 nohis
1069 705 1310 791 praestantissi-

163 831 264 894 mam,
288 832 370 894 quae
398 832 473 876 casu
498 833 632 895 prorsus
655 812 816 877 interierit
844 812 1069 897 Eudociaeque
1092 813 1153 878 soli
1179 817 1310 898 praesto

162 917 273 1001 fuerit,
293 918 537 1004 supponendam
553 940 624 983 csse
644 919 798 1004 sequitur.
822 917 939 984 Suidae
960 924 1068 984 autem
1088 920 1312 1006 archetypum,

163 1048 183 1090 a
214 1036 279 1111 ‘quo
312 1026 415 1090 nostri
448 1025 645 1091 descendunt
677 1012 752 1111 AV,
789 1050 861 1092 cum
895 1028 1022 1092 saeculo
1056 1028 1223 1094 undecimo
1257 1028 1311 1094 vel

165 1131 353 1198 duodecimo
373 1132 544 1199 oriundum
565 1155 634 1199 esse
653 1156 784 1199 necesse
803 1135 859 1218 sit,
881 1133 1079 1220 Eudociane,
1107 1157 1188 1220 quae
1212 1134 1310 1201 unde·

162 1241 246 1306 cimo
271 1240 417 1325 scripsit,
444 1240 585 1307 eiusdem
613 1243 755 1307 familiae
784 1242 927 1308 codicem
949 1265 1016 1308 non
1044 1242 1230 1308 adhibuisse
1253 1265 1310 1328 pu·

162 1346 261 1412 tanda
284 1350 348 1431 est,
376 1348 430 1412 sed
460 1349 558 1414 etiam
582 1349 762 1434 meliorem,
785 1350 923 1416 fortasse
947 1351 1068 1415 saeculi
1091 1349 1219 1435 decimi,
1246 1373 1310 1435 quo

162 1459 297 1520 exeunte
318 1453 434 1520 Suidas
458 1457 589 1541 vixerit,
611 1457 697 1522 idem
717 1457 868 1522 videlicet
886 1458 1065 1543 exemplar,
1088 1457 1173 1542 quod
1192 1455 1309 1523 Suidas

161 1563 229 1647 ipse
253 1562 471 1647 conscripsit?
511 1562 583 1630 Hoc
606 1564 775 1648 probabile
799 1586 883 1649 esse,
908 1565 980 1651 quis
1004 1570 1066 1651 est,
1096 1565 1151 1651 qui
1175 1565 1309 1631 credat?

162 1671 209 1735 At
231 1670 259 1734 si
283 1670 433 1735 falsarius
457 1668 584 1736 Pulchii
607 1671 782 1736 Rhenanus
806 1673 926 1736 saeculi
951 1673 1033 1737 sexti
1057 1672 1173 1739 decimi
1196 1671 1308 1739 Viola-

160 1778 245 1842 rium
275 1778 472 1863 composuit,
500 1778 649 1864 eundem,
677 1800 772 1863 quem
800 1778 990 1863 plerumque
1018 1779 1184 1846 vilissimis
1214 1780 1309 1846 libris

160 1907 255 1950 usum
283 1907 353 1951 essa
385 1885 536 1980 omnibus
566 1886 767 1969 exploratum
795 1890 859 1969 est,
887 1886 921 1949 in
946 1886 1165 1952 describendis
1190 1887 1309 1954 Suidae

160 1993 308 2058 articulis
328 1994 644 2078 praestantissimum
663 1998 696 2057 et
715 1994 959 2079 integerrimum
980 1993 1145 2078 exemplar
1164 1994 1308 2079 optimae

160 2100 304 2165 familiae
335 2100 368 2165 in
398 2101 548 2166 manibus
579 2101 731 2166 habuisse
762 2099 972 2184 putabimus?
1019 2100 1100 2166 Post
1130 2123 1244 2165 eumne
1275 2106 1309 2166 et

160 2207 319 2274 familiam
348 2213 381 2272 et
411 2209 575 2293 exemplar
603 2208 670 2273 eius
694 2230 828 2294 prorsus
853 2207 1042 2297 evanuisse?
1083 2205 1154 2273 Hoc
1181 2230 1308 2293 quoque

159 2313 333 2380 ridiculum
358 2337 427 2380 esse
451 2316 586 2400 quisque
610 2316 739 2401 sapiens
763 2337 889 2380 mecum
915 2312 1072 2400 sentiet.¹)

250 2420 290 2487 V.
328 2421 436 2508 Atque
455 2445 527 2489 cum
550 2445 604 2488 eas
623 2423 785 2489 Eudociae
810 2423 893 2488 vitas
913 2422 1215 2505 examinaverimus,
1238 2423 1306 2507 qui·

159 2530 219 2595 bus
235 2527 353 2594 Suidae
372 2531 518 2595 articulis
532 2531 682 2595 uberiora
696 2530 843 2613 praebet,
861 2552 920 2595 nec
938 2531 1018 2594 talia
1032 2528 1212 2613 adscripsit,
1232 2551 1308 2614 qua·

161 2638 207 2703 lia
229 2637 279 2703 vel
305 2637 378 2721 ipsa
396 2637 518 2722 fingere
542 2638 594 2703 vel
618 2639 768 2723 quopiam
792 2659 830 2701 ex
854 2636 943 2702 fonte
961 2638 1051 2703 nullo
1075 2658 1171 2722 opere
1194 2635 1308 2721 depro-

159 2767 246 2810 mere
280 2744 437 2830 potuerit,
469 2766 554 2808 nunc
585 2766 638 2808 eas
669 2743 764 2809 nobis
794 2745 1024 2830 perstringere*
1047 2746 1156 2827 liceat,
1189 2744 1306 2829 quibus

159 2852 281 2938 aliquid
306 2852 429 2936 omisit,
453 2852 537 2936 quod
560 2851 594 2916 in
614 2850 728 2916 Suidae
752 2851 843 2915 libris
863 2858 1048 2934 suspectum
1072 2851 1113 2916 ab
1137 2850 1305 2936 Hesychii·

160 2983 221 3046 qua
244 2959 376 3045 ingenio
401 2958 540 3023 alienum
564 2958 642 3023 viris
667 2958 769 3024 doctis
788 2958 892 3023 visum
912 2963 969 3024 est
993 2982 1020 3024 v.
1038 2953 1224 3042 ’Λγαθίας
1243 2980 1306 3023 om.

158 3066 258 3132 verba
290 3066 402 3150 inepta
433 3060 492 3129 τὸν
523 3064 694 3146 Καισαρέα
726 3103 766 3114 -
799 3068 971 3155 Βυζαντίῳ
1004 3067 1123 3150 partim
1157 3066 1199 3130 ab
1232 3065 1305 3130 aliis

161 3174 297 3258 aliisque
320 3173 359 3238 de
382 3174 488 3238 causis
516 3174 550 3237 in
574 3174 789 3258 suspicionem
813 3179 942 3257 vocata3
971 3195 999 3238 v.
1019 3168 1215 3255 ’Ἄψυρτος
1242 3194 1306 3239 om.

159 3278 214 3345 καὶ
238 3282 360 3364 ἔγραψε
386 3302 460 3365 seq,
484 3302 565 3365 quae
588 3280 688 3346 verba
710 3282 863 3346 lectorem
887 3302 925 3345 ex
948 3281 1058 3366 glossa
1079 3282 1195 3360 τρίλλα
1219 3278 1305 3345 addi·

161 3388 245 3454 disse
269 3392 411 3474 constat,
440 3410 469 3452 v.
494 3384 682 3472 Δημάδης
705 3409 766 3453 om.
794 3375 895 3464 οὗτος
919 3424 960 3434 -
984 3387 1070 3465 exit,
1100 3410 1237 3472 quorum
1266 3387 1304 3452 de

158 3495 358 3560 absurditate
382 3496 531 3561 consulas
554 3495 659 3560 Daub.
683 3495 721 3559 dc
745 3494 832 3561 Suid.
856 3518 886 3579 p.
905 3495 984 3576 4763
1008 3517 1037 3560 v.
1062 3497 1305 3578 Δικαίαρχος

158 3625 221 3667 om.
252 3602 349 3666 verba
378 3599 432 3667 καὶ
464 3600 633 3688 νόμος-
660 3604 734 3668 exit.
764 3624 802 3667 ex
834 3601 937 3666 altero
967 3601 1076 3687 aliquo
1107 3603 1304 3687 glossemate

157 3713 243 3792 orta3
267 3730 295 3771 v.
315 3709 583 3794 Δικαιογένης
602 3732 664 3774 om.
683 3709 824 3795 glossam
848 3710 1095 3793 grammaticam
1118 3705 1226 3793 ὄνομα
1247 3705 1305 3774 κύ-

157 3841 234 3901 ριον
253 3821 286 3882 et
304 3837 440 3901 sequens
456 3812 508 3895 ὅς;
532 3840 560 3883 v.
577 3812 758 3902 Ἑρμείας
776 3838 840 3882 om.
862 3815 962 3881 verba
982 3811 1000 3882 ὁ
1021 3812 1198 3901 εὐνοῦχος,
1222 3838 1304 3902 quae

157 3948 230 3992 cum
253 3925 339 3989 infra
357 3924 505 4009 redeant,
528 3945 767 4008 supervacanea
786 3945 856 3989 esse
875 3928 979 4009 patet3
1003 3948 1032 3990 v.
1048 3925 1223 4007 Διοκλῆς
1241 3945 1304 3989 om.

229 4087 255 4152 1)
282 4082 354 4137 Nam
377 4082 452 4151 quod
471 4080 659 4136 Wilamovitz
683 4080 765 4136 affert
790 4081 948 4151 exemplum
972 4081 1094 4150 Arscnii,
1117 4081 1166 4151 qui
1192 4082 1303 4137 saeculo

158 4167 234 4221 sexto
253 4163 362 4219 decimo
381 4162 481 4217 melius
500 4162 593 4217 Photii
617 4162 758 4232 exemplar
777 4160 917 4227 adhibuit,
942 4177 1024 4230 quam
1048 4163 1142 4216 noster
1164 4160 1304 4217 Galeanus

158 4248 213 4314 est,
231 4245 284 4300 hoc
303 4243 339 4300 ad
359 4246 482 4299 nostram
503 4244 694 4312 quaestionem
713 4242 755 4297 nil
773 4242 864 4298 facere
883 4242 940 4296 alio
959 4241 1022 4297 loco
1037 4241 1102 4295 dixi.
1132 4241 1209 4296 Unus
1229 4241 1304 4297 anim

158 4345 221 4382 cum
239 4325 318 4382 nobis
342 4327 468 4380 servatus
493 4323 530 4377 sit
548 4324 700 4392 Galeanus,
723 4340 794 4378 saec.
814 4323 879 4377 Xlll
898 4322 943 4376 vel
962 4322 1014 4376 ΧΠ
1033 4321 1159 4377 excuntis
1183 4339 1216 4377 ex
1235 4322 1304 4377 Por-

158 4407 218 4464 soui
241 4405 379 4462 sententia
399 4404 445 4472 (cf.
465 4402 560 4458 Nabar
579 4405 591 4457 I
615 4422 640 4474 p.
661 4408 701 4473 ι),
726 4402 838 4459 saeculo
861 4405 940 4457 sexto
969 4401 1077 4458 decimo
1101 4403 1194 4472 plures
1217 4402 1302 4457 luisse

158 4503 261 4554 eosque
280 4484 421 4552 meliores,
440 4501 458 4538 a
475 4484 675 4554 probabilitate
694 4502 750 4541 uon
769 4481 936 4539 abhorrebit.
