3036 5114
603 339 797 398 APPENDIX.
1207 335 1272 402 249

130 505 272 593 θρόπου
299 503 446 592 φύσεως,
479 504 554 589 περὶ
580 501 709 589 κόσμου
736 501 910 588 γενέσεως,
940 527 1067 587 νομιμα
1089 497 1272 587 Ῥωμαίων,

131 619 283 701 νομίμων
306 615 521 698 βαρβαρικῶν
545 608 736 696 συναγωγή·
766 613 1026 694 ψευθεπίγραφα
1049 606 1099 675 δέ·
1122 603 1272 691 άνατομη

129 719 330 807 άνθράπου,
368 716 533 805 ἀπολογία
565 714 732 804 εὐσεβείας
764 714 847 803 πρὸς
879 713 1135 802 Εὐρυμέδοντα,
1172 739 1273 798 γεωρ-

131 827 222 916 γικά,
250 826 413 913 ἐγκώμιον
437 825 556 911 λόγου,
579 825 737 913 μαγικόν,
765 824 841 911 περὶ
868 822 1105 911 σωφροσύνης,
1125 819 1274 902 Ἀλεξάν-

132 940 217 1022 δρου
245 935 417 1023 έγκλησία,
449 931 614 1020 ἐγκώμιον
641 932 804 1018 πλούτου,
831 929 914 1017 πρὸς
938 928 1172 1017 Ἀλέξανδρον,
1199 927 1301 1013 περὶε

132 1042 293 1131 μεθόδου.

677 1223 724 1287 V.

451 1362 663 1430 Aristotelis
685 1363 761 1429 vita
783 1363 960 1430 Marciana

119 1524 122 1529 ·
218 1503 444 1594 Ἀριστοτέλης
467 1502 485 1574 ό
509 1504 697 1591 φιλόσοφος
719 1507 777 1591 τῆς
799 1504 860 1592 μέν
885 1503 1053 1591 <πόλεως>
1077 1494 1119 1590 ἦν
1139 1508 1274 1588 Σταγεί·
1295 1512 1309 1568 1

133 1639 204 1699 ρων
236 1611 289 1700 (τά
319 1613 356 1682 δὲ
384 1612 552 1700 Στάγειρα
578 1610 675 1692 πόλις
701 1611 833 1702 Θρᾴκης
860 1616 1002 1698 πλησίον
1026 1608 1194 1678 Ὀλύνθου
1222 1610 1277 1678 καὶ

133 1719 335 1810 Μεθώνης),
359 1719 432 1801 υίός
459 1719 496 1788 δέ
524 1717 722 1807 Νικομάχου
743 1719 804 1787 καὶ
832 1722 1028 1804 Φαιστίδος,
1055 1714 1185 1805 άμφοῑν
1210 1715 1276 1785 άπὸ

135 1826 320 1915 Μαχάονος
338 1831 399 1896 τοῦ
410 1824 608 1914 Ἀσκληπιοῦ
624 1826 871 1915 καταγομένων,
892 1823 936 1906 ὡς
950 1829 1050 1912 δηλοῖ
1061 1823 1098 1894 τὸ
1114 1829 1162 1906 είς
1174 1822 1277 1893 αὐτὸν
1293 1850 1318 1888 ιο

133 1935 336 2022 ἐπίγραμμα·

158 2080 168 2099 ⁴
257 2080 436 2157 Φαιστίδος
459 2067 503 2164 ἦν
526 2073 650 2163 μητρὸς
672 2073 728 2141 καὶ
751 2074 950 2163 Νικομάχου
973 2080 1164 2164 γενετῆρος,

348 2187 415 2252 ταῖν
436 2180 700 2269 Ἀσκληπιαδῶν,
723 2184 796 2261 δῖος
815 2179 1047 2270 Ἀριστοτέλης.

136 2329 252 2412 γέγονε
277 2326 314 2394 δὲ
337 2324 452 2405 αύτοῖς
479 2322 520 2394 ού
543 2324 653 2412 μόνον
672 2321 912 2414 Ἀριστοτέλης,
940 2323 1024 2394 ἄλλά
1050 2329 1106 2395 καί
1126 2326 1278 2418 Ἀρίμνη-

134 2453 211 2513 στος
240 2433 295 2499 καί
316 2429 525 2521 Ἀριμνήστη.
571 2429 589 2500 ὁ
621 2433 661 2501 δέ
687 2458 724 2518 γε
747 2431 941 2521 Νικόμαχος
963 2432 1075 2520 ίατρὸς
1099 2429 1142 2523 ἦν
1162 2434 1278 2526 Ἀμύν-
1294 2463 1319 2502 ιτ

133 2567 209 2626 του,
236 2544 298 2608 τού
322 2538 533 2608 Μακεδόνων
563 2539 739 2636 βασιλέως,
766 2543 827 2608 τοῦ
857 2545 1026 2609 Φιλίππου
1053 2543 1196 2630 πατρός,
1223 2547 1278 2613 καί

133 2645 216 2716 κατά
247 2647 382 2736 μνήμην
414 2650 475 2716 τοῦ
507 2650 633 2715 οίκείου
665 2645 789 2731 πατρὸς
812 2645 1038 2736 Ἀριστοτέλης
1069 2648 1129 2718 τὸν
1157 2652 1279 2721 ἑαυτοῦ

132 2758 236 2823 παῖδα
256 2753 454 2842 Νικόμαχον
471 2752 754 2840 προσηγόρευσεν,
772 2745 799 2845 ᾧ
818 2755 873 2823 καὶ
891 2754 931 2822 τά
946 2756 1155 2846 Νικομάχεια
1173 2754 1277 2843 ἠθικά

137 2866 269 2947 ἔγραψε.
309 2861 480 2947 πατρόθεν
504 2859 569 2944 άρα
592 2863 637 2950 τῷ
657 2857 873 2945 Ἀριστοτέλει
895 2863 951 2931 καὶ
974 2864 1010 2932 έκ
1032 2867 1090 2951 της
1113 2862 1279 2934 ἀνέκαθεν

133 2972 248 3052 γενεάς
276 2966 296 3056 ἡ
325 2969 400 3053 περὶ
428 2974 650 3055 φυσιολογίαν
678 2969 733 3037 καὶ
760 2968 912 3059 ίατρικην
942 2972 1015 3053 ἕξις.
1063 2969 1212 3058 ὀρφανὸς
1240 2972 1277 3042 δὲ
1292 2998 1318 3037 νο

133 3075 312 3163 γενόμενος
335 3074 493 3163 άνάγεται
516 3077 605 3163 παρά
629 3077 789 3168 Προξένῳ
812 3082 857 3170 τῷ
878 3076 1042 3167 Ἀταρνεῖ,
1069 3071 1110 3149 οὗ
1132 3084 1190 3167 τῆς
1213 3079 1313 3167 φη’-2

136 3209 199 3270 μης
220 3181 445 3271 μνημονεύων
468 3181 528 3252 τὸν
551 3180 657 3251 αύτού
680 3182 758 3253 υίὸν
776 3184 953 3273 Νικάνορα
972 3191 1095 3274 ἔθρεψε
1117 3188 1172 3254 καὶ
1192 3187 1278 3255 έπαί·

134 3294 230 3359 δευσε
258 3292 314 3359 καὶ
341 3288 418 3358 υίὸν
437 3290 639 3378 ’έποιήσατω
666 3293 722 3360 καὶ
749 3296 912 3362 τελευτῶν
940 3296 1111 3363 ἐκέλευσεν
1139 3295 1176 3361 ἐν
1207 3296 1278 3360 δια-

135 3396 258 3485 θήκαις
279 3396 340 3484 την
364 3399 485 3466 ἑαυτοῦ
504 3398 676 3484 θυγατέρα
695 3403 869 3484 Πυθαΐδα,
892 3402 1076 3488 γενομένην
1100 3399 1189 3493 αύτῷ
1212 3397 1277 3469 άπο

134 3639 167 3657 =
186 3631 212 3682 p.
228 3618 288 3681 246,
302 3620 330 3680 6,
347 3611 411 3680 περὶ
431 3607 488 3681 εύγ.
505 3611 590 3666 ==ib.
678 3618 772 3682 Ῑνυμ.
789 3607 867 3684 Pop.
887 3640 921 3660 =
940 3634 966 3685 p.
982 3620 1043 3682 247,
1058 3622 1092 3669 23
1181 3621 1277 3685 θυαμ.

133 3695 213 3766 βαρβ.
234 3718 267 3738 =
285 3692 322 3748 ib.
395 3687 563 3760 συναγωγὴν
586 3690 675 3746 Ραλνι.
698 3694 884 3763 ψευδίγραφα
902 3696 1027 3751 Αυιδτοε.
1104 3690 1279 3770 Βάτεβείας

132 3772 257 3829 Ακιίιτοε.
274 3771 364 3829 Ραίυι.
420 3766 588 3839 όέκκλησία
602 3772 727 3827 Δαιδτοε.
744 3772 835 3828 Palm.
890 3770 1038 3846 ἐγκύμων.
1059 3772 1181 3832 πλούτου
1199 3772 1278 3844 πρὸς.

132 3852 287 3907 Ακιδτοι.1
375 3848 422 3907 ’AL
442 3852 506 3919 περὶ
524 3850 584 3906 sine
602 3851 672 3922 intp.
692 3852 816 3909 Ambros.
832 3854 923 3910 Patm.
1006 3851 1165 3926 θμιθόδου
1187 3856 1277 3911 Palm.

136 3932 269 4002 Sequitur
287 3932 317 3987 in
336 3933 416 3988 codd.
436 3932 610 4003 epigramma
629 3949 662 3987 ex
680 3931 765 3988 Anth.
785 3935 844 3990 Pal.
863 3935 890 3989 11
908 3954 934 4006 p.
955 3941 1007 3991 859
1026 3939 1101 4005 (app.
1118 3940 1180 4006 321)

203 4020 228 4073 V
248 4027 262 4075 ‘1
279 4022 390 4076 Adieeti
408 4024 474 4075 sunt
488 4020 655 4091 paginarum
670 4023 778 4078 numeri
792 4023 949 4079 εδβοδδιί
1004 4029 1018 4077 7
1038 4023 1174 4081 excidisse
1193 4042 1277 4093 quae·

132 4103 196 4156 dam
217 4101 301 4157 verba
317 4105 408 4172 ρνλυλς
427 4099 583 4175 <πολί>της
601 4099 654 4170 μέν
672 4091 708 4170 ἦν
723 4105 886 4172 Σταγείρων
899 4103 1004 4173 nobba,
1032 4106 1082 4174 τῆς
1100 4103 1153 4176 μέν
1171 4103 1279 4166 πόλεως

131 4182 306 4249 Απνιοκίιω,
326 4182 401 4251 quod
420 4182 571 4236 intextum
589 4183 681 4253 recepi
746 4187 763 4236 9
782 4182 847 4238 cod.
866 4182 912 4239 hic
927 4186 957 4239 et
969 4184 1043 4239 infra
1061 4186 1188 4251 Θεττιάς,
1208 4199 1276 4238 corr.

132 4262 225 4316 Robbe
285 4267 317 4315 15
336 4262 375 4316 At
392 4262 421 4316 in
437 4262 485 4316 rel.
501 4262 566 4317 vitis
583 4257 758 4334 Ἀριμνήστης
775 4262 862 4317 frater
881 4267 934 4331 est3
953 4267 1077 4320 nostram
1095 4261 1277 4318 traditionem

132 4343 226 4397 servat
243 4341 336 4396 Robbe
400 4348 432 4396 16
452 4345 585 4412 Amyntas
604 4343 643 4409 11,
662 4344 711 4413 qui
729 4343 859 4413 regnavit
876 4351 1029 4400 394-370
1090 4349 1122 4397 21
1143 4340 1277 4412 τρέφεται

131 4421 223 4490 poscit
232 4420 324 4475 Robbe
378 4413 412 4475 ού
431 4421 480 4475 καὶ
499 4422 547 4491 τῆς
561 4425 668 4493 τροφῆς
682 4426 908 4496 διαμεμνημένος
922 4423 971 4481 vin
987 4427 1114 4479 Ammon.
1130 4442 1156 4494 p.
1170 4429 1276 4490 398,1θ

138 4501 219 4558 Ναί.
240 4499 306 4557 hino
324 4501 430 4573 τροφῆς
448 4502 528 4558 scrib.
548 4503 618 4561 coni.
638 4504 731 4563 Robbe
802 4513 837 4565 24
856 4501 995 4566 Πυθιάδα
1014 4504 1137 4578 praefert
1154 4504 1245 4565 Robbe
