3036 5114
664 318 878 376 HESI'CIIIUS.
1326 320 1344 382 V

198 479 464 570 Μεσημβριανὸν
481 478 587 567 εἶπεν,
606 480 701 550 ἄλλοι
720 483 875 550 Κοτυαέα
893 480 1019 569 Φρύγα.
1042 483 1172 568 ἐγένετο
1192 481 1229 550 δὲ
1248 491 1343 579 λυγο-
1402 539 1432 581 sn

195 588 307 684 ποιός,
331 587 351 656 ό
375 591 465 657 ἐστιν
491 586 758 685 ερρετὴς-λόγων
777 586 1100 685 καλῄάποκρηιάμτων.
1139 589 1286 674 διέτριψε
1306 589 1343 658 δὲ

195 694 284 784 παρὰ
303 702 440 788 Κροίσῳ
466 696 683 784 φιλούμενος,
709 709 780 776 τοῖς
802 694 937 783 χρόνοις
959 693 1022 783 πρὸ
1047 695 1275 783 Πυθαγόρου,
1300 694 1345 776 ὡς

140 831 144 835 ·
196 806 323 889 μεσοῦν
345 804 396 870 ἐπὶ
426 807 484 890 τῆς
506 804 538 891 μ’
564 801 778 890 ὀλυμπιάδος.
820 808 943 892 ἔγραφε
967 800 1006 870 τά
1025 805 1062 870 έν
1082 811 1231 890 Δελφοῖς
1253 803 1343 896 αὐτῷ
1405 858 1446 889 .

197 910 370 1001 συμβάντα
394 911 430 1002 έν
453 915 599 1004 βιβλίοις
621 911 668 997 β’.’
707 915 836 997 μᾶλλον
864 912 904 980 δέ
924 912 1011 990 τινές
1039 930 1121 996 φασι
1148 910 1209 978 τὸν
1233 920 1369 980 Alam-⁵

195 1040 260 1114 πον
283 1013 494 1115 άπυκρίμητα
512 1020 716 1107 γεγραφέναι
739 1016 862 1111 μόνον·
890 1020 927 1086 έν
956 1017 1018 1106 γὰρ
1045 1027 1193 1104 Δελφοῖς
1220 1017 1344 1100 ἀδίκως

195 1122 397 1210 ἀπολέσθαι,
423 1122 480 1193 ὑπ’
508 1123 618 1193 αὐτῶν
642 1125 974 1211 κατακρημνισθέντα
998 1124 1061 1194 άπὸ
1086 1130 1154 1193 τῶν
1182 1128 1340 1212 Φαιδριά-

109 1286 112 1291 .
137 1290 140 1297 .
196 1236 267 1300 δων
288 1234 507 1319 καλουμένων
529 1236 675 1319 πετρῶν,
698 1231 779 1300 κατὰ
803 1231 864 1319 τὴν
888 1232 940 1300 νδ
965 1230 1163 1321 ὀλυμπιάδα.
1212 1234 1342 1319 οἰκέτην

193 1339 231 1408 δὲ
254 1339 412 1426 γενέσθαι
430 1340 571 1415 Ξάνθου
594 1343 654 1408 τοῦ
679 1343 811 1425 Λυδοῦ,
834 1337 930 1408 ἄλλοι
950 1338 1074 1425 ἀνδρός
1097 1367 1189 1420 τινος
1208 1346 1342 1428 Σαμίου
1381 1412 1384 1425 1

191 1444 379 1536 Ἰάδμονος,
408 1437 463 1531 [οὗ
490 1474 582 1527 τινος
608 1448 663 1514 καλ
691 1444 891 1534 ἡῬοδῶπις
915 1447 1019 1533 δούλη
1048 1440 1106 1534 ἦν,
1134 1443 1178 1534 ἣν
1206 1447 1341 1532 ἑταίραν
1358 1456 1385 1505 10'

195 1556 396 1642 γενομένην,
420 1558 579 1644 Θρᾷσσαν
602 1553 639 1622 τὸ
660 1554 771 1640 γένος,
794 1553 947 1641 Χάραξος
971 1551 988 1621 ό
1012 1552 1158 1642 άδελφὸς
1177 1557 1341 1641 Σαπφοῦς
1387 1544 1391 1553 ’

195 1666 291 1750 έλαβε
314 1677 472 1749 γυναῖκα,
496 1662 551 1729 καὶ
574 1663 607 1743 ἐξ
630 1656 734 1748 αὐτῆς
755 1664 953 1750 γεννᾷ...]

281 1788 367 1856 XIX.
406 1786 675 1876 [Ἀκουσίλαος
694 1783 874 1872 Ἀθηναῖος
893 1785 957 1872 σ’όν,
973 1783 1216 1873 Ἀγαθοκλείας.
1242 1776 1341 1865 οὗτος

193 1881 463 1983 ἠράσθηλόγων
481 1895 518 1962 έν
535 1891 706 1980 Ἀθήναις,
729 1893 784 1960 καὶ
808 1891 919 1962 ἐλθὼν
939 1898 986 1970 είς
1003 1890 1133 1980 Ῥοίμην
1154 1893 1205 1960 ἐπὶ
1226 1891 1340 1978 Γάλβα

193 2001 357 2088 διέτριβεν
385 2003 422 2069 έν
450 2000 563 2088 λόγοις
590 2003 793 2088 ῥητορικοῖς,
823 2001 879 2067 καὶ
908 1999 1194 2088 χρηματισάμενος
1224 2002 1261 2067 έν
1291 2003 1335 2090 τῷ
1353 2020 1378 2061 15

193 2111 349 2176 τελευτᾶν
371 2109 545 2176 κατέλιπεν
566 2103 759 2192 Ἀθηναίοις
783 2107 861 2173 δέκα
885 2104 1050 2194 μυριάδας
1073 2108 1108 2174 ἐκ
1129 2105 1262 2190 τόκων]

281 2235 352 2301 XX.
386 2231 637 2310 Ἀκουσίλαος
660 2230 759 2318 Κάβα
781 2231 869 2315 υίός,
895 2227 1039 2317 ’Λργεῖος
1062 2229 1127 2298 άπὸ
1153 2229 1337 2315 Κερκάδος,

172 2365 176 2371 ’
192 2338 320 2419 πόλεως
334 2338 437 2428 οὔσης
450 2337 596 2418 Αὐλίδος
611 2344 765 2424 πλησίον,
780 2335 946 2424 ίστορικός
958 2337 1191 2426 πρεσβύτατος.
1216 2343 1338 2423 ἔγραψε

193 2447 231 2513 δὲ
253 2453 467 2534 γενεαλογίας
490 2447 674 2539 ἔνι-δέλτων
697 2448 845 2539 χαλκοῖν,
872 2441 912 2524 ἃς
935 2445 1034 2532 λόγος
1057 2443 1168 2532 εὑρεῖν
1194 2443 1255 2513 τὸν
1278 2448 1360 2512 nal
1410 2506 1425 2531 *4

192 2554 269 2641 τέρα
292 2552 397 2624 αὐτοῦ
421 2552 586 2642 όρύξαντά
608 2569 683 2621 τἰνα
705 2551 810 2620 τόπον
832 2555 890 2638 τῆς
914 2555 1020 2632 οἰκίας
1043 2549 1157 2621 αὐτοῦ.
1351 2577 1378 2615 ιο

263 2790 563 2923 ίοΜεσημβριανδνΔ
586 2842 804 2918 Μεσημβριανός
822 2851 870 2898 VB
894 2847 966 2917 ναίη.
992 2845 1120 2900 Κοτυεία
1144 2847 1192 2901 sed
1216 2847 1296 2916 prim.
1322 2866 1335 2901 ε

191 2930 274 2986 delei.
293 2934 317 2982 Α
338 2928 512 2985 Κοτυαέοιῖ
536 2926 648 2983 Κοτυία
672 2932 751 2979 m
774 2926 918 2981 Κοτυαιέα
938 2927 1097 2982 θυῖεσλιαιίδ
1183 2933 1199 2980 3
1225 2923 1337 2994 χρόνοις

189 3005 375 3080 πρεσβύτερος
389 3011 555 3080 Bernhardy
574 3004 608 3063 οό
627 3003 767 3076 πολόπρὸ
785 3010 1032 3064 Παρεισιόντι
1087 3002 1118 3071 ὃς
1137 3007 1242 3077 μεσοῦν
1262 3006 1336 3074 libri,

191 3106 260 3145 corr.
280 3091 440 3146 θυίεοίιυιλιῖ
480 3083 549 3145 άοτε
573 3089 654 3159 βιοῦν
679 3083 766 3143 αότόν
787 3089 923 3144 Καεῖστιιε
948 3083 979 3151 ὃς
1002 3086 1139 3158 μεσούσης
1162 3087 1264 3142 omisso
1290 3082 1336 3140 ἐπὶ

189 3173 220 3225 et
240 3170 352 3225 sublata
376 3175 439 3241 post
460 3166 634 3241 ὀλυμπιάδος
652 3168 831 3224 distinetione
856 3170 978 3239 Βουλίγεε
1002 3170 1031 3222 in
1056 3168 1155 3224 Euseb.
1176 3187 1202 3235 p.
1223 3174 1256 3220 93
1278 3173 1337 3229 τοῖς

189 3248 300 3320 χρόνοις
319 3246 372 3319 πρὸ
387 3254 473 3318 nvn,
492 3247 614 3321 γεγονός
632 3246 685 3319 μὲν
704 3240 755 3302 οὖν
775 3243 821 3302 ἐπὶ
840 3249 888 3316 τῆς
904 3248 1027 3315 Ολίιιῖοκ,
1047 3247 1336 3316 fant.1p.·213(cf.l

190 3349 217 3400 p.
232 3332 309 3398 237),
329 3330 363 3384 de
381 3331 474 3385 aetate
492 3348 517 3385 v.
539 3329 617 3398 Diog.
637 3327 657 3396 Ι,
673 3334 706 3382 72
796 3331 812 3380 8
837 3325 948 3396 οἰκέτην
973 3329 1007 3382 ef.
1027 3328 1213 3382 Waehsmuth
1232 3328 1250 3379 l.
1271 3330 1335 3380 σΔ

189 3410 269 3464 σιδοῦ
289 3413 312 3461 Δ
390 3416 422 3463 10
445 3399 479 3462 οὖ
497 3427 573 3471 τινος
592 3439 624 3448 -
644 3406 708 3462 exii.
729 3426 762 3462 ex
779 3408 875 3478 glossa
892 3405 1025 3472 Ῥοδῶπις
1044 3406 1184 3476 adscripta
1204 3424 1261 3462 υεεε
1285 3407 1334 3460 do·
1381 3414 1384 3421 '

188 3489 234 3544 cui
251 3489 321 3544 Μοε.
346 3491 433 3544 nhen.
453 3489 556 3545 XXXV
578 3509 604 3558 p.
625 3495 690 3556 *2023
714 3488 748 3544 cf.
772 3489 857 3543 etiam
878 3487 975 3542 Suidnn
998 3506 1023 3543 v.
1048 3483 1165 3557 Ἰάδμων
1252 3493 1283 3541 12
1304 3483 1334 3552 ἐξ

192 3565 281 3625 αότοῦ
300 3575 375 3622 BVE
447 3565 509 3633 νίδς
527 3563 566 3624 ὧν
586 3569 745 3624 Gutschmid

260 3659 325 3714 XIX
347 3658 486 3729 Hesychio
509 3659 727 3714 abiudicandum
746 3674 805 3713 esse
824 3657 881 3711 dixi
899 3657 969 3712 Mus.
989 3657 1076 3713 Rhen.
1096 3658 1114 3711 I.
1134 3676 1157 3713 c.
1176 3675 1202 3727 p.
1223 3665 1273 3712 227

193 3745 225 3793 16
245 3737 383 3809 διέτριβεν
402 3743 424 3791 Δ
443 3736 588 3808 διέτριψεν
607 3741 679 3811 υκλρ.
757 3745 789 3793 16
809 3735 920 3793 δώδεκα
939 3742 961 3790 Δ

259 3828 310 3883 XX
328 3829 403 3883 Eud.
424 3847 450 3900 p.
466 3835 508 3885 84.
542 3829 582 3884 Cf.
601 3830 711 3897 Mfiller,
730 3827 762 3881 fr.
782 3825 847 3883 hist.
866 3827 879 3879 I
897 3846 924 3896 p.
939 3827 1068 3895 XXXVI,
1088 3827 1184 3893 Prien,
1204 3827 1333 3897 Beitrige

188 3928 209 3963 z.
229 3907 358 3966 Chronol.
378 3909 495 3978 (Hiixter
515 3914 608 3980 1880),
634 3910 681 3979 qui
700 3909 881 3978 γενεαλογίας
899 3924 916 3960 ιι
939 3907 1084 3963 Platonico
1108 3908 1203 3977 aliquo
1227 3908 1333 3961 iuniore

187 3989 355 4058 compositas
375 4004 434 4043 esse
459 3989 581 4044 obtinuit
671 3997 703 4044 17
727 3985 827 4058 Κάβρα
852 3981 868 4056 V
889 3983 1006 4057 Σκάβρα
1026 3987 1107 4057 Diog.
1128 3989 1152 4053 Ι,
1172 3994 1203 4041 41
1229 3990 1333 4056 (quode
1409 4041 1416 4053 ,

187 4069 375 4124 coniecturam
398 4069 516 4138 protulit
538 4068 639 4122 Miiller
662 4086 688 4137 p.
708 4067 857 4137 XXXVII).
895 4067 940 4120 Sic
963 4067 1135 4137 interpunxit
1160 4067 1261 4122 Miiller
1286 4069 1332 4134 (cf.
1422 4084 1426 4093 ¹

187 4146 307 4217 Μάγνης
324 4144 380 4203 άπὸ
400 4145 608 4217 Μαινάνδρου),
643 4145 773 4218 Ἀργεῖος,
796 4143 853 4201 άπό
875 4146 1019 4215 Κερκάδος
1039 4144 1144 4210 πόλεως
1163 4143 1249 4216 οὔσης
1268 4143 1331 4201 Anii.

187 4231 266 4297 πλησ.
289 4231 361 4298 ταῖς.
390 4226 520 4292 Κεκάδος
543 4230 617 4284 Eud.
641 4225 786 4291 Κελκάδος
809 4229 956 4294 Villoison,
980 4229 1083 4283 Anecd.
1107 4229 1132 4282 II
1155 4247 1182 4298 p.
1204 4234 1254 4282 163
1274 4232 1331 4282 not·

185 4307 282 4364 Patria
300 4309 433 4366 Boeotica
452 4312 481 4365 et
498 4310 602 4365 tabulis
620 4309 734 4365 aheneis
748 4307 905 4363 confirmari
925 4325 995 4376 quae
1009 4326 1034 4361 v.
1050 4304 1199 4370 Ἑκαταῖος
1218 4308 1252 4360 <le
1268 4308 1330 4361 sub·

187 4389 286 4444 diiicia
304 4391 396 4460 operis
415 4392 509 4446 indole
528 4391 688 4458 traduntur,
708 4390 774 4443 licet
793 4389 868 4442 fraus
883 4387 999 4442 Platone
1014 4387 1155 4456 antiquior
1169 4389 1216 4454 sit,
1236 4392 1332 4442 monet
1386 4386 1387 4390 ’

188 4468 347 4524 Gutschmid
