3036 5114
202 313 264 376 172
663 316 877 372 IIIISYCHIUS.

197 484 280 544 κλου
298 481 359 545 τοῦ
380 484 519 562 Λυκίου,
542 482 603 546 τοῦ
621 480 827 564 προστάντος
844 482 904 565 της
922 481 958 547 ἐν
975 476 1135 566 Ἀθήναις
1152 476 1352 566 φιλοσόφου

198 589 330 672 σχολῆς,
355 575 396 652 οὗ
421 593 578 674 Μαρίνος
601 586 766 674 διάδοχος.
814 591 937 674 ἔγραφε
959 586 1075 656 πολλά.

288 694 476 760 DUXLVII.
513 701 549 759 II
557 700 666 763 λωτῖ
673 721 750 774 νος
773 700 1017 782 Λυκοπολίτης,
1044 693 1110 764 ἄπο
1135 693 1351 783 φιλοσόφων,

198 799 351 887 μαθητὴς
378 799 439 887 μὲν
460 799 649 887 Ἀμμωνίου
677 806 738 870 τοῦ
766 787 883 889 πρῶην
910 804 1096 891 γενομένου
1120 802 1350 890 σακκοφόρου,
1374 824 1437 867 σου.

171 907 400 988 ὁδιδάσκαλος
433 907 469 975 δέ
499 904 658 995 Ἆμελίον.
705 900 746 976 οὗ
778 908 978 996 Πορφόριος
1011 909 1182 997 διήκουσε,
1215 914 1277 979 τοῦ
1309 912 1350 979 δὲ

195 1013 396 1103 Ἰάμβλιχός,
419 1021 480 1085 τοῦ
505 1016 542 1085 δέ
566 1016 757 1104 Σώπατρος.
804 1017 856 1086 ἐπὶ
881 1017 917 1085 δὲ
942 1022 1112 1106 Γαλιηνοῦ
1135 1018 1274 1105 γηραιὸς
1296 1016 1350 1088 ῶν

199 1124 365 1211 διέμεινεν
398 1123 473 1211 ἄχρι
503 1123 636 1211 χρόνων
665 1123 694 1205 ζ’
726 1125 782 1192 καὶ
810 1127 967 1206 συνέταξε
1000 1131 1115 1212 βιβλία
1142 1127 1209 1211 νδ’,
1248 1124 1349 1195 ἅτινα

197 1230 279 1298 κατὰ
299 1231 339 1297 θ’
359 1236 497 1318 βίβλους
516 1230 691 1320 διῄρηνται
714 1233 769 1300 καὶ
792 1234 945 1319 λέγονται
969 1231 1122 1313 έννεάδες
1141 1233 1183 1307 ς’.
1227 1236 1349 1321 γέγονε

200 1339 237 1406 δὲ
274 1339 330 1406 καὶ
365 1337 403 1407 τὸ
436 1343 531 1427 σῶμα
563 1335 711 1427 ἀσθενὴς
742 1339 807 1408 ὑπὸ
839 1343 897 1427 τῆς
930 1343 1021 1427 ἱεράς
1052 1340 1166 1410 νόσον.
1221 1348 1348 1432 ἔγραφε

160 1465 185 1504 ¹⁰
199 1446 254 1514 καὶ
279 1444 371 1515 ἄλλα.

287 1556 494 1622 DCXLVIII.
540 1557 765 1641 Πολέμων
795 1555 1025 1643 Φιλοστράτου
1054 1553 1076 1644 ἢ
1107 1555 1348 1644 Φιλοκράτους,

196 1659 374 1748 Ἀθηναῖος
404 1661 607 1748 φιλόσοφος,
637 1660 790 1749 μαθητὴς
815 1663 1045 1751 Ξενοκράτους
1072 1668 1133 1732 τοῦ
1162 1663 1348 1745 Πλάτωνος
1367 1690 1427 1730 san

198 1769 375 1857 διαδόχου,
404 1770 459 1837 καὶ
487 1767 589 1848 αὐτὸς
616 1766 825 1858 ἡγησάμενος
852 1774 915 1857 τῆς·
930 1767 1153 1858 Ἀκαδημείας.
1199 1774 1347 1859 ἐγεγόνει

199 1876 235 1945 δὲ
264 1875 397 1965 σφόδρα
426 1876 568 1961 άσωτος,
597 1873 667 1944 εἶτα
693 1875 927 1964 ἐφιλοσόφησε.
972 1878 1157 1947 καὶπολλὰ
1181 1880 1242 1967 μέν
1266 1901 1347 1948 συν-

159 2002 184 2043 15
199 1987 322 2071 ἔγραψε
352 1991 479 2072 βιβλία,
508 1982 609 2053 οὐδέν
634 1983 671 2052 δέ
694 1981 798 2052 αὐτοῦ
822 1985 965 2071 φέρεται.
1012 1990 1136 2073 [ἔχαιρε
1159 1987 1196 2055 δὲ
1215 1984 1346 2078 Ὁμήρῳ

197 2119 231 2160 τε
265 2095 319 2160 καὶ
353 2101 539 2180 Σοφοκλεῖ,
571 2093 626 2160 καὶ
660 2101 739 2173 ἴσως
772 2098 858 2180 ἔχειν
892 2091 1047 2178 ἑκάτερον
1079 2091 1191 2162 αὐτῶν
1223 2101 1347 2181 σοφίας

199 2206 324 2287 ἔλεγεν,
364 2200 447 2269 ῶστε
482 2202 538 2268 καὶ
570 2199 712 2287 φάσκειν
736 2198 883 2287 Ὅμηρον
915 2200 977 2287 μέν
1009 2204 1186 2287 Σοφοκλέα
1218 2202 1346 2289 έπικόν,

198 2311 376 2395 Σοφοκλέα
400 2309 437 2377 δὲ
452 2306 599 2395 Ὅμηρον
624 2310 805 2397 τραγικόν]
879 2352 882 2358 -
991 2367 992 2370 ,

286 2415 459 2483 DCXLIX.
506 2417 726 2503 Πολέμων
758 2412 931 2500 Εόηγέτου
961 2412 1091 2500 Ἰλιεύς,
1124 2419 1201 2503 <έκ>
1233 2416 1346 2506 κῶμης

158 2529 358 2603 νῦΓλυκείας
391 2521 542 2611 [ὅνομα],
572 2521 735 2609 Ἀθήνησι
769 2522 806 2590 δὲ
837 2518 1155 2610 πολιτογραφηδείς,
1190 2523 1257 2608 [διὸ
1290 2527 1345 2593 ἕπ-

198 2630 360 2718 εγράφετο
373 2628 593 2716 Ἐλλαδικός],
612 2627 629 2698 ὁ
646 2629 783 2716 κληθεὶς
796 2632 1005 2717 περιηγητής,
1025 2631 1199 2717 ίστορικός.
1227 2633 1345 2719 γέγονε

272 2809 457 2880 2Μαριανδς
475 2815 550 2865 m

270 2892 421 2948 DCXLVII
440 2893 515 2948 Eud.
535 2894 553 2947 I.
574 2910 596 2946 c.
616 2894 745 2960 excerpto
764 2907 797 2943 ex
818 2889 876 2942 vitu
888 2890 1035 2959 Pon-phpuii
1053 2892 1147 2948 habet.
1176 2891 1216 2945 Cf.
1233 2890 1346 2960 Mulier,

198 2975 270 3030 Plot.
285 2975 354 3028 Eun.
370 2974 381 3026 I
396 2992 423 3042 p.
439 2979 472 3026 27
493 2973 522 3025 et
536 2971 637 3025 PhiIoI.
653 2969 794 3025 XXXVIII
814 2988 840 3038 p.
856 2975 907 3023 369
962 2977 978 3025 3
998 2966 1055 3025 άπὸ
1074 2973 1150 3027 delet
1169 2976 1259 3041 φιλοσ,
1280 2989 1345 3027 cum

198 3052 377 3122 sequentibus
392 3052 562 3119 coniungens
575 3049 735 3106 Gntschmid
789 3056 804 3104 5
820 3041 854 3103 οὗ
874 3051 946 3104 mals
960 3052 1071 3106 rettulit
1086 3052 1185 3107 Suidas
1200 3071 1225 3107 v.
1237 3055 1345 3122 Πορφ.;

198 3134 247 3186 τοῦ
263 3130 295 3184 δὲ
314 3126 466 3201 ’ίάμβλιχος
481 3147 515 3185 ox
530 3132 597 3186 Par.
613 3131 676 3185 add.
692 3133 840 3200 lienteriae,
860 3133 909 3186 τοῦ
930 3129 961 3185 δὲ
980 3126 1140 3201 ’ίῶμβληχος
1153 3137 1176 3183 V
1236 3140 1252 3186 6
1273 3137 1344 3187 Γαλ-

197 3211 294 3280 λιηνοῦ
308 3216 331 3262 V
346 3211 482 3264 Westerm.
503 3212 637 3278 γαληινοῦ
652 3217 675 3264 Α
694 3212 843 3281 γαλληΐνου
857 3216 880 3262 V
900 3206 947 3265 ἐπὶ
967 3205 1161 3278 Οόαλεριανοῦ
1178 3212 1226 3266 καί
1242 3215 1345 3283 Γαληί-

198 3313 249 3347 νον
265 3292 325 3348 cod.
338 3291 425 3361 Mosq.
441 3292 516 3361 apud
530 3289 667 3346 Matthaei
682 3292 761 3349 codd.
776 3291 863 3359 Mosq.
880 3292 891 3344 I
905 3310 933 3360 p.
948 3298 981 3345 23
1002 3290 1050 3345 καλ
1069 3287 1116 3346 ἐπὶ
1135 3297 1199 3349 Γαλ.
1219 3293 1292 3363 διέμ.
1310 3326 1344 3335 -

199 3370 233 3440 ζ’.
252 3394 312 3442 γηρ.
334 3371 365 3427 δὲ
385 3367 425 3427 ῶν
444 3391 504 3428 συν.
524 3372 595 3428 coni,
613 3372 718 3427 Mt't'ller
790 3379 806 3427 8
827 3368 957 3443 διῄρηται
977 3372 1042 3426 libri

269 3454 431 3511 Dcxnvlss
451 3455 526 3508 Euo.
542 3472 568 3524 p.
585 3459 643 3509 sos.
678 3453 719 3509 cf.
733 3453 814 3523 Diog.
834 3453 1002 3521 Iv,1sseq.
1068 3460 1099 3508 11
1120 3447 1137 3523 ἢ
1159 3457 1268 3523 otton.
1289 3472 1344 3510 om.

199 3537 278 3607 Diog.
299 3539 458 3606 suspectum
477 3537 659 3606 Bernhardyo
678 3532 707 3589 οἷ
723 3533 754 3590 δέ
777 3531 964 3603 Φιλοκράτους
979 3533 1056 3588 End.
1124 3541 1156 3589 13
1176 3531 1308 3603 διάδοχος
1322 3543 1346 3590 V

197 3612 361 3686 Ἀκαδημίας
380 3618 451 3685 υιιίγ.
509 3622 541 3670 15
562 3614 693 3686 φέρεταιι
713 3615 747 3669 ef.
768 3636 791 3672 v.
813 3611 923 3675 Εόοδος
942 3613 978 3667 ai.
1017 3611 1110 3683 ἔχαιρε
1127 3645 1161 3654 -
1176 3615 1240 3670 exit.
1256 3615 1345 3684 Hesy-

199 3697 329 3750 chinnum
346 3714 451 3750 morsm
466 3698 614 3763 excedunt3
635 3696 723 3751 lector
740 3696 840 3766 uliquis
858 3694 968 3749 addidit
982 3695 1136 3764 compilans
1152 3695 1233 3764 Diog.
1250 3695 1296 3763 lv,
1312 3704 1346 3751 2’0

270 3775 405 3831 bcxulx
425 3777 500 3830 Eud.
515 3794 542 3844 p.
559 3783 618 3832 584.
648 3776 910 3841 TractuntI'reIIe1·‚
926 3773 1032 3830 Polom.
1053 3773 1085 3828 fr.
1101 3781 1171 3844 1›.4;
1191 3774 1293 3829 Μϋλλετ
1307 3778 1346 3831 III

199 3877 225 3927 p.
243 3863 307 3924 1⁰83
330 3857 471 3927 Wenigsr,
492 3856 603 3922 Quaest.
624 3857 723 3927 Delpb.
743 3876 769 3926 p.
785 3864 818 3911 ‘22
832 3873 887 3924 seq.
909 3853 1009 3922 (Berol.
1031 3856 1126 3923 1865);
1151 3855 1245 3921 Daub,
1265 3856 1344 3912 Stud.

199 3944 324 4008 ptiseq.
413 3944 444 3991 19
465 3933 496 3991 ἐκ
516 3937 579 3991 add.
599 3937 696 4003 Doub,
716 3954 769 3991 om.
789 3936 854 3990 libri
939 3942 974 3989 20
996 3938 1133 3997 Γλυκείας
1152 3940 1252 3989 Am
1274 3941 1345 3992 Γλυ-

199 4019 281 4079 κυίας
300 4021 357 4070 Alo.
377 4019 449 4086 υνλμ.
470 4018 577 4079 Λυκίας
595 4016 669 4070 End.
689 4034 807 4086 sequens
827 4013 917 4085 ὄνομα
937 4017 1056 4086 expunxi
1076 4034 1139 4071 oum
1159 4016 1233 4070 Eud.
1296 4014 1343 4073 διδ

199 4095 313 4152 -Ἑλλ,
330 4098 429 4152 merito
449 4100 609 4167 suspectum
624 4098 745 4152 PrelIero
762 4117 788 4167 p.
806 4105 846 4161 14,
866 4114 927 4150 cum
943 4097 1029 4151 fuisse
1048 4096 1113 4151 libri
1132 4096 1343 4166 inscriptionem

200 4198 233 4236 ox
252 4179 352 4234 Athen.
368 4178 406 4231 XI
421 4196 447 4246 p.
464 4184 515 4232 479
535 4179 691 4246 doceamur,
711 4179 871 4233 truncatum
891 4196 951 4232 esso
971 4194 1004 4231 ou
1023 4178 1149 4232 ubenore
1169 4177 1344 4246 expositione

199 4259 359 4318 huiusmodi
378 4258 436 4313 fers
455 4259 625 4326 argumenti:
649 4256 721 4313 κατὰ
742 4258 773 4313 δὲ
793 4255 894 4320 ἄλλους
913 4255 1084 4325 Σικυώνιος,
1108 4252 1171 4311 ἐπεὶ
1190 4257 1239 4310 καλ
1259 4253 1344 4326 λόγον

201 4340 314 4412 έποίησε
338 4340 402 4409 περὶ
425 4339 481 4393 τῶν
501 4334 532 4392 ἐν
551 4339 678 4391 Σικυῶνι
696 4333 931 4408 ἀγαλματοποιῶν
949 4337 998 4391 καλ
1018 4333 1173 4405 ζωγράφων
1192 4338 1248 4391 τῶν
1266 4341 1343 4406 λεγο-

200 4424 292 4492 μένων
308 4419 493 4480 Ἑλλαδικῶν,
513 4413 551 4472 δι’
573 4414 587 4472 ὃ
608 4415 785 4487 ἐπεγράφετο
801 4414 964 4481 Ἐλλαδικός
982 4419 1064 4488 putat
1082 4417 1243 4472 Gutschmid

200 4512 232 4560 21
254 4500 391 4573 ἱστορικός
410 4521 463 4558 om.
479 4501 553 4557 End.
