3036 5114
607 307 821 363 HESYClIlUS.
1245 305 1288 368 25

144 468 342 556 Εὐδαίμονα
378 466 438 538 τὸν
473 470 597 556 πατέρα
634 465 739 537 αὐτοῦ
776 468 974 557 γράφουσιν.
1029 465 1216 554 ἠκροάσατο
1251 466 1287 534 δέ

137 575 293 664 Ἡρώδου
324 574 406 646 κατά
434 574 491 656 τάς
518 574 663 664 Ἀθήνας
688 578 744 644 καλ
772 579 809 645 έν
838 575 1004 668 Περγάμῳ
1031 572 1289 671 Ἀριστοκλέους,

29 744 61 768 ς,
143 684 291 773 γεγονός
310 687 365 753 ε’πί
379 711 414 753 τε
431 682 633 753 Ἀντωνίνον
655 689 717 753 τοῦ
736 690 907 772 Καίσαρος
925 685 981 752 καλ
1007 688 1174 784 διατείνας
1193 682 1287 769 μέχρι

143 790 314 880 Κομόδου.
350 796 418 861 τῶν
442 793 478 860 δὲ
502 791 612 879 λόγων
636 791 741 862 αὐτοῦ
764 820 830 880 παρ
833 790 983 861 ὀὐδενί
1006 788 1219 879 πέραςεῦροι
1239 818 1327 899 “Si

142 898 200 987 άν,
223 898 331 980 άλλως
355 899 392 969 δὲ
415 898 530 980 ἄλλοις
552 903 813 988 έπιτευχθέντας.
1303 915 1323 963 ν

231 1009 298 1077 XO.
332 1005 580 1095 Ἀρίστιππος
600 1006 817 1095 Ἀριτάδου’
799 1007 863 1077 από
888 1007 1066 1094 Κυρήνης,
1090 1003 1288 1092 φιλόσοφος,

22 1104 87 1201 ‘³⁸2
144 1113 346 1202 Σωκράτους
382 1113 547 1201 άκουστής
584 1114 658 1203 [ἀφ’
694 1108 797 1206 οὗπερ
833 1113 853 1203 ή
892 1113 1089 1202 Κυρηναικὴ
1126 1120 1289 1200 κληθεῖσα
1401 1123 1404 1134 “

145 1226 270 1310 αἵρεσις
296 1221 427 1312 ἤρξατο.
472 1228 602 1312 πρῶτος
625 1224 663 1293 δε
685 1229 753 1293 τῶν
777 1228 1002 1312 Σωκρατικῶν
1024 1219 1169 1309 μισθοὺς
1192 1219 1289 1306 ἐπρά-

145 1385 271 1506 σασθαι
282 1355 349 1506 “sai
372 1438 483 1530 χρόνῳ
507 1437 622 1514 καλ’
584 1466 686 1530 τοπω,
709 1440 764 1507 καὶ
783 1444 850 1507 τῶν
837 1385 931 1526 'siv
949 1438 1127 1525 παρόντων
1146 1434 1288 1504 ἀπέλαυε
1305 1453 1330 1490 1⁰

145 1547 200 1614 καὶ
227 1543 356 1634 ἡδονὴν
385 1549 576 1634 μετεδίωκε,
604 1546 696 1636 πόνῳ
721 1546 758 1616 δὲ
781 1545 969 1615 ἀπόλαυσιν
993 1544 1155 1632 οὐδεμίαν
1179 1543 1287 1631 ἐθήρα

144 1657 212 1722 τῶν
245 1651 287 1722 οὐ
319 1653 510 1742 παρόντων·
544 1652 629 1723 ὅθεν
663 1657 828 1741 Διογένης
857 1652 1032 1740 βασιλικὸν
1063 1652 1151 1722 κύνα
1183 1651 1288 1720 αὐτὸν

145 1759 246 1829 κάλει.
283 1757 526 1850 ἀποφθέγματα
548 1760 585 1829 δὲ
605 1759 709 1830 αὐτοῦ
728 1768 863 1829 πλεῖστα
881 1762 937 1828 καλ
956 1760 1083 1848 άριστα.
1130 1759 1287 1847 διήκουσε

146 1868 184 1937 δὲ
211 1866 316 1938 αὐτοῦ
344 1866 365 1957 ἡ
393 1869 547 1956 θυγάτηρ
572 1867 706 1956 Ἀρήτη,
738 1865 799 1956 ἆρ’
826 1860 864 1956 ἦς
891 1866 908 1937 ὁ
937 1883 1014 1948 παῖς
1041 1865 1143 1954 αὐτῆς
1166 1865 1183 1935 6
1213 1868 1289 1946 νέος

139 1974 361 2062 Ἀρίστιππος,
384 1973 421 2056 ὃς
440 1975 565 2064 ἐκλήθη
584 1981 856 2071 μητροδίδακτος.
889 1966 929 2044 οὗ
949 1973 1124 2061 Θεόδωρος
1143 1972 1160 2042 6
1186 1972 1290 2053 άθεος
1306 1991 1330 2030 ¹⁵

143 2085 348 2170 ἐπικληθείς,
377 2080 447 2152 εἶτα
470 2083 566 2170 θεός,
594 2089 655 2152 τοῦ
679 2083 715 2151 δὲ
741 2081 968 2171 Ἀντίπατρος,
992 2086 1052 2151 τοῦ
1076 2082 1114 2150 δέ
1135 2080 1288 2168 Ἐπιτιμί-

143 2195 204 2278 δης
230 2188 248 2258 6
277 2198 486 2278 Κυρηναῖος,
520 2197 581 2260 τοῦ
609 2191 646 2260 δὲ
674 2191 906 2278 Παραιβάτης,
932 2195 993 2258 τοῦ
1021 2189 1058 2259 δὲ
1081 2187 1240 2276 Ἡγησίας
1267 2185 1285 2256 6

141 2297 395 2385 πεισιθάνατος,
418 2308 479 2368 τοῦ
503 2299 539 2367 δὲ
560 2295 742 2385 Ἀννίκερις
765 2294 782 2364 6
807 2297 975 2366 Πλάτωνα
993 2295 1271 2384 λυτρωσάμενοςλ.

231 2409 314 2475 XCI.
348 2403 650 2494 Ἀριστογείτων
678 2405 878 2493 Κυδιμάχου
905 2401 925 2493 ἢ
951 2404 1164 2492 Λυσιμάχου,
1190 2402 1288 2490 Ἀθη·

146 2526 238 2593 ναῖος
256 2511 378 2601 ῥήτωρ,
397 2512 520 2601 μητρὸς
534 2514 571 2582 δέ
586 2511 856 2600 ἀπελευθερικής,
876 2510 966 2591 ὅστις
980 2513 1167 2579 ἐπεκαλεῖτο
1183 2511 1287 2606 Κόων
1302 2528 1329 2568 ²⁰
1376 2558 1378 2563 -

144 2617 201 2688 διὰ
237 2618 300 2706 τήν
337 2618 512 2689 ἀναίδειαν
546 2619 661 2690 αὐτοῦ.
717 2619 888 2706 ε’φονεόθη
921 2619 958 2687 δὲ
990 2617 1056 2687 ὑπὸ
1087 2617 1288 2706 Ἀθηναίων,

145 2725 266 2812 λόγους
288 2726 429 2814 ποιήσας
454 2727 640 2816 ἀπολογίαν
658 2726 742 2815 πρὸς
761 2730 991 2814 Δημοσθένην
1009 2725 1071 2794 τὸν
1090 2725 1288 2813 στρατηγόν,

45 2828 53 2847 ’
143 2832 226 2920 πρὸς
249 2839 460 2922 Λυκοῦργον,
482 2835 565 2904 κατὰ
589 2837 769 2922 Τιμοθέου,
791 2832 873 2902 κατὰ
897 2834 1077 2921 Τιμάρχου,
1100 2831 1182 2902 κατά
1196 2831 1288 2902 ‘Ym-

145 2945 258 3027 ρίδου,
281 2941 363 3009 κατά
387 2943 600 3029 Θρασύλλου,
624 2939 822 3029 ὀρφανικόν.
861 3017 865 3026 Ι

232 3050 332 3118 XCII.
358 3047 630 3139 Ἀριστογένης
649 3049 773 3130 Θάσιος
791 3048 913 3137 ιάτρός.
949 3055 1071 3137 ἔγραψε
1089 3055 1203 3136 βιβλία
1222 3052 1264 3116 κδ
1269 3049 1287 3118 ’.
1301 3069 1327 3107 ²⁵

144 3157 262 3249 ἐκρίθη
287 3156 324 3225 δέ
346 3156 420 3244 περὶ
445 3160 573 3244 διαίτης
595 3159 640 3244 α’,
668 3158 742 3246 περὶ
767 3155 941 3244 δυνάμεως
963 3157 1010 3242 α’,
1040 3157 1115 3244 περὶ
1139 3158 1287 3226 δακέτων
1356 3184 1372 3219 ι
1425 3182 1439 3231 '.

144 3263 190 3349 α’,
213 3265 288 3351 περὶ
312 3264 496 3351 σπέρματος
515 3264 560 3349 α’,
583 3263 731 3350 ὑγιεινόν
751 3264 796 3348 α’,
820 3263 1205 3365 ἐπιστολικά,.ε’πιτομήν
1224 3291 1286 3351 φυ-

144 3376 248 3440 σικῶν
270 3371 499 3460 βοηθημάτων
521 3370 605 3460 πρὸς
624 3369 827 3458 Ἀντίγονον.

146 3511 338 3518 ---.-----.
346 3512 357 3518 -

214 3600 230 3647 3
249 3590 371 3663 γεγωνὸς
389 3600 412 3647 Δ
483 3595 532 3649 καλ
551 3591 673 3663 Μάρκου
696 3592 846 3648 infeliciter
864 3593 928 3649 add.
949 3593 1034 3648 Daub
1107 3589 1232 3649 466106
1252 3613 1286 3650 ex

143 3678 244 3727 sm
263 3674 326 3729 αδδ
342 3675 475 3743 Gaisford
528 3675 583 3729 τῶν
602 3673 634 3730 δὲ
654 3671 744 3743 λόγων
762 3668 830 3741 παρ’
851 3667 950 3728 οόδενλ
967 3673 1063 3743 πέρας.
1097 3668 1176 3740 εὕροι
1194 3672 1226 3728 δέ
1245 3695 1286 3739 τις

145 3745 182 3806 ἂν
200 3747 301 3817 ἄλλους
319 3748 413 3815 ἄλλοις
432 3749 654 3823 ἐπιτευχθέντας
672 3754 742 3810 coni.
757 3755 894 3809 Κυνίσκαν

213 3833 260 3889 XC
280 3839 296 3888 6
315 3835 438 3902 Καρίνης
456 3835 484 3888 et
498 3851 562 3889 mox
575 3831 733 3905 Κυριναϊκὴ
748 3841 771 3888 Δ
830 3841 845 3890 ‘1
865 3829 919 3903 άφ’
937 3823 1026 3902 οὗπερ
1040 3864 1074 3874 -
1089 3834 1154 3889 exii.
1171 3836 1284 3890 Suidam

142 3912 274 3985 ‹ix—Diffi¹
291 3913 329 3980 ΙΙ,
343 3920 378 3968 65
393 3931 449 3982 seq.
470 3916 499 3967 ei
517 3920 551 3969 86
570 3913 750 3985 descripsisse
769 3915 851 3971 doc'ui
870 3916 940 3970 Mus.
959 3914 1046 3969 Rhen.
1067 3915 1084 3968 l.
1105 3933 1126 3967 ο.
1147 3934 1172 3985 p.
1189 3923 1240 3970 205
1317 3906 1320 3913 ¹

145 4001 178 4049 16
196 3989 362 4063 έκιτιμήδης
380 3999 403 4046 Δ
476 3999 508 4047 18
527 3989 687 4064 άννίκαιρις
705 4002 728 4049 Α
806 3994 812 4005 ’

214 4073 368 4129 ΧοΙΕιισ.
388 4093 414 4144 p
432 4082 481 4129 111
547 4069 1284 4145 ιοῆλυτοω.1ῖιια.κομηερὸς-κσ,οω.

138 4155 218 4210 Eud.
274 4161 307 4209 22
327 4148 441 4223 ἀπολογ.
461 4174 505 4223 πρ.
521 4161 592 4225 Δημ.
607 4156 663 4210 τῶν
678 4159 838 4227 στρατηγῶν
855 4157 1016 4212 θυῖοολιηιίό
1070 4163 1105 4210 24
1124 4156 1284 4226 σινέγραψε

143 4237 192 4290 καλ
211 4230 281 4290 αλλα
300 4239 415 4290 πλεῖστα
434 4231 532 4305 post'
517 4233 677 4304 ορφανικόν
696 4239 758 4295 add.
774 4239 849 4293 Emi.

213 4313 289 4368 xcll
307 4315 382 4370 Eud.
402 4332 429 4385 p.
446 4322 497 4370 110
566 4323 600 4371 25
619 4319 673 4386 βιβ.
694 4315 843 4387 τριάκοντα
863 4317 947 4385 Eud„
966 4334 1038 4386 quae
1057 4335 1120 4371 mox
1113 4288 1202 4385 περὶ
1222 4319 1283 4374 δον.

142 4391 196 4449 δίο
204 4394 292 4464 ,περὶ
310 4397 372 4448 δακ.
393 4390 421 4449 δ’
423 4395 513 4464 ,περὶ
532 4415 630 4467 σπερμ
648 4395 702 4453 δόο
774 4406 806 4453 27
825 4396 958 4467 όγιεινων
977 4398 1138 4452 Gutschsnid
1192 4393 1284 4452 ἐπιτο-

134 4470 198 4546 μὴν
217 4493 283 4543 φυσ.
303 4437 508 4547 βοηθημάτων,
528 4473 687 4533 ἐπιστολικά
707 4476 778 4547 πρὸς
794 4475 945 4548 Ἀντίγονον
964 4477 1035 4532 coni.
1051 4477 1135 4532 Daub
