3036 5114
229 280 273 348 46
605 301 612 311 ·
694 283 906 346 HESYCHIUS.

227 471 291 514 νον
320 446 375 515 καί
404 450 767 536 Κλαυδίουδευτέρου
793 449 849 518 καί
873 447 1091 539 Αὐρηλιανοῦ
1114 456 1182 522 τάν
1207 456 1374 542 βασιλέων

223 549 404 640 Ῥωμαίων.

315 662 486 729 CLXXXI.
524 664 725 745 Δέξιππος
748 668 845 756 Κῷος
868 666 990 756 ἰατρός,
1005 663 1244 756 Ἱπποκράτους
1262 680 1371 758 μαθη-

225 765 298 854 τής,
326 764 363 848 ὃς
389 770 636 856 μεταπεμφθεὶς
665 768 728 839 ὑπὸ
747 769 955 860 Ἑκατόμυου
976 778 1037 844 τοῦ
1061 780 1187 862 Καρῶν
1209 780 1373 863 βασιλέως
1391 830 1439 861 Μ.

198 874 388 945 ιίάσασδαι
415 874 521 946 αὐτοῦ
548 875 627 957 τοὺς
648 882 770 959 παῖδας
792 877 1074 967 άπογνωσθέντας
1096 884 1292 953 Μαυσωλὸν
1314 886 1371 953 καὶ
1421 903 1424 906 ’

228 983 440 1072 Πιξώδαρον,
460 984 512 1053 ἐπὶ
531 981 707 1072 ὑποσχέσει
726 984 842 1055 ἰάσατο
861 991 921 1056 τοῦ
939 992 1067 1056 παῦσαι
1085 986 1145 1058 τὸν
1159 989 1242 1079 πρὸς
1255 996 1373 1081 Κάρας

225 1090 300 1160 τότε
323 1090 413 1184 αὐτῷ
437 1094 599 1183 ἐνεστῶτα
627 1092 784 1181 πόλεμον.
831 1100 974 1183 ἔγραψεν
1003 1096 1154 1186 ἰατρικὸν
1177 1102 1310 1183 βιβλίον
1334 1098 1373 1167 α’

224 1198 280 1266 καί
302 1200 378 1285 περὶ
400 1199 625 1286 προχνάσεων
648 1200 694 1286 β’.

313 1308 502 1376 CLXXXII.
540 1308 729 1396 Δημάδης
748 1307 937 1397 Ἀθηναῖος,
961 1310 1072 1400 βήτωρ
1095 1311 1150 1380 καί
1175 1310 1374 1398 δημαγωγὸς

187 1436 212 1474 1⁰
226 1417 418 1501 πανοῦργος
440 1414 495 1482 καί
519 1413 669 1503 εὐτυχής,
692 1418 855 1511 πρότερον]
878 1415 1002 1509 ναύτης
1026 1416 1082 1487 ὥν.
1124 1424 1269 1504 ἔγραψεν
1293 1416 1372 1487 άπο-

223 1518 386 1608 λογισμὸν
407 1519 491 1608 πρὸς
511 1520 715 1610 Ὀλυμπιάδα
737 1527 796 1611 τής
819 1525 940 1593 ἑαυτοῦ
964 1527 1193 1614 δωδεκαετίας,
1217 1528 1369 1612 ἱστορίαν

222 1629 297 1716 περὶ
322 1628 440 1716 Δήλου
466 1631 521 1698 καὶ
550 1633 608 1717 τῆς
634 1631 795 1716 γενέσεως
823 1635 892 1699 τάν
915 1635 1047 1718 Λητοῦς
1069 1635 1209 1703 παίδων.
1257 1624 1371 1717 [οὗτος

222 1737 380 1804 κατέλυσε
397 1733 438 1804 τά
458 1736 652 1826 δικαστήρια
671 1737 726 1805 καί
743 1736 822 1819 τοὺς
836 1736 1033 1828 ῥητορικοὺς
1050 1738 1205 1828 ἀχάνας]
1235 1745 1370 1832 τελευτᾷ

138 1849 143 1859 ’
224 1841 261 1910 δὲ
285 1842 337 1910 ἐπὶ
359 1839 585 1932 Ἀντιπάτρου.

184 1972 209 2012 ιε
312 1950 514 2018 CLXXXIII.
552 1948 741 2037 Δημάδης
761 1952 929 2039 Λακιάδης
945 1948 1125 2038 Ἀθηναῖος
1147 1952 1265 2042 ῥήτωρ.
1293 1958 1370 2023 τοῦ-

221 2081 281 2123 τον
309 2060 516 2142 εἰσεποίησεν
543 2053 561 2125 ὁ
584 2055 745 2145 πρότερος
770 2055 932 2145 Δημάδης
960 2054 978 2127 ὁ
1003 2059 1058 2127 καὶ
1082 2059 1281 2148 δημαγωγὸς
1303 2058 1370 2130 άπὸ

222 2159 421 2250 αὐλητρίδος
440 2164 609 2252 τεχθέντα.
636 2162 742 2252 πατήρ
764 2164 801 2233 δέ
819 2165 874 2233 καί
894 2162 994 2245 αὐτὸς
1013 2159 1130 2254 Δημέα
1148 2172 1210 2237 τοῦ
1228 2167 1371 2256 ῥήτορος

220 2270 374 2364 μέμονεν,
395 2266 474 2357 <δς>
497 2271 552 2337 καὶ
571 2269 720 2339 άπάλετο
737 2270 847 2358 βιφείς
865 2275 912 2350 εἰς
929 2270 991 2360 τήν
1007 2270 1234 2361 Ἀμφιπόλεως
1247 2281 1369 2362 λίμνην

221 2375 285 2444 ὑπὸ
306 2376 512 2465 Κασάνδρου
527 2374 744 2466 Ἀντιπάτρου
761 2381 823 2446 τοῦ
841 2377 964 2465 πατρὸς
984 2379 1148 2467 διαδόχου
1168 2372 1280 2465 [οὗτος
1297 2375 1366 2468 μετ’
1400 2380 1417 2408 ”’
1428 2372 1458 2405 '²‘

182 2479 435 2573 ιαἈυτίπατρον
457 2482 658 2571 βασιλεύσας
680 2483 793 2572 Θήβας
815 2483 997 2572 άνέστησε].

294 2677 560 2753 1τάνβασ.Ρωμ.
581 2680 730 2737 οω.Ευδ.
860 2723 862 2727 .

293 2762 429 2817 CLXXXI
447 2763 522 2818 Eud.
542 2781 569 2833 p
588 2769 640 2817 223
712 2768 729 2815 3
744 2757 931 2830 Ιπποκράτου
950 2761 1026 2817 Eud
1103 2755 1225 2826 λδς-
1192 2759 1369 2834 -τιδλεμον

221 2861 275 2899 om.
295 2843 370 2899 Eud.
443 2838 574 2898 οαάτάν
592 2848 639 2895 ΒΕ
659 2837 735 2915 οιάτῷ
751 2848 778 2895 11
796 2838 929 2905 αάτοιςΔ
948 2843 1019 2911 υνίμ.
1057 2844 1216 2898 συνεστῶτα
1230 2844 1369 2899 Κυνίσκαν

222 2919 431 2993 ἔνεστηκόταΕ
507 2930 521 2978 ’I
542 2921 675 2991 ἰατρικῶν
694 2899 831 2978 Κυνίσκε

292 3003 441 3057 CLXXXII
464 3002 541 3057 Εαδ.
560 3020 587 3072 p.
607 3008 673 3068 226,
697 3018 769 3071 quae
793 3018 847 3056 om
871 2997 1095 3071 δημαγωχδς-
1119 2997 1158 3056 dv
1181 3004 1211 3058 ei
1232 2993 1315 3064 οὗτος
1332 3033 1368 3043 -

221 3084 286 3138 exit.
323 3083 440 3137 'I'reeiat
458 3082 559 3137 Mdller
577 3081 662 3152 IVp.
682 3089 733 3137 377
799 3088 832 3136 10
852 3077 962 3151 εάφνής
980 3080 1116 3136 Ruhnken
1176 3076 1368 3179 άπολοχισμὸν

220 3165 270 3232 τῆς
290 3160 394 3217 εαυτοῦ
413 3164 617 3229 δωδεκαετίας
642 3158 818 3230 δστορίαν-
837 3163 957 3216 παίδων.
993 3163 1109 3238 τελευτᾷ
1133 3161 1164 3218 δὲ
1188 3157 1253 3217 κατ’
1272 3157 1368 3257 Ὀλυμ-

220 3241 311 3299 πιάδα
329 3263 371 3312 ριι
373 3237 467 3298 ''an
461 3238 651 3338 Ἀντιπάτρου,
671 3235 701 3304 ὃς
720 3241 853 3297 κατέλυσε
873 3238 923 3298 τὸν
936 3243 1028 3313 δῆμον
1047 3240 1143 3298 καί
1113 3263 1147 3297 τα
1168 3244 1222 3297 δικ.
1236 3241 1286 3297 καὶ
1299 3238 1366 3305 tede

221 3319 351 3396 §meos
333 3323 446 3394 αχάνας
464 3323 513 3377 καλ
532 3341 582 3394 μετ
586 3316 791 3390 ’Ἀλέξανδρον
811 3319 977 3394 βασιλεύσας
996 3317 1129 3393 Θήβας’
1111 3320 1247 3393 ανέστησε
1266 3321 1365 3378 liudm-

221 3407 273 3462 Ιιικ
335 3411 366 3459 11
387 3401 513 3473 ἰστορίαν
531 3433 567 3443 --
583 3403 694 3456 παίδων
712 3402 748 3457 ed
768 3402 936 3473 Hyperidem
956 3402 1066 3458 rettulit
1083 3403 1250 3474 Bernhardy
1295 3399 1367 3458 ἰστο-

220 3491 285 3558 ρίαν
307 3485 372 3557 περλ
396 3483 491 3555 Δήλου
515 3481 618 3538 iuniori
640 3482 724 3538 elicui
747 3483 866 3538 Demadi
889 3482 967 3537 dedii
985 3483 1157 3549 Guteehmid3
1181 3482 1255 3538 idem
1279 3481 1367 3538 verba

220 3561 303 3631 οὖτος
321 3598 356 3608 —-
370 3561 484 3636 άχῶνας
501 3566 565 3636 posi
581 3560 756 3633 Ἀντιπάτρου
775 3563 940 3620 collocanda
957 3565 987 3618 ei
1004 3566 1138 3633 tanquam
1153 3563 1266 3619 lectoria
1286 3562 1367 3619 eddi·

220 3652 376 3704 temenium
394 3645 563 3702 secludenda
579 3646 663 3716 putei

291 3727 453 3782 CLXXXIII
474 3726 548 3781 Eud.
568 3743 595 3794 p.
615 3731 680 3792 226,
700 3741 770 3794 quee
789 3723 889 3793 incipit
908 3721 965 3778 ἔστι
984 3722 1016 3779 δὲ
1036 3723 1084 3779 καλ
1104 3720 1198 3791 ἕτερος
1217 3729 1288 3796 Δημ.

221 3814 253 3864 15
277 3808 376 3863 τοῦτον
401 3838 433 3847 -
458 3806 524 3861 exit.
547 3821 600 3859 om.
620 3804 694 3858 Eud.
719 3805 820 3858 τοῦτον
848 3835 879 3844 -
904 3803 1044 3874 τεχθέντα
1067 3803 1144 3858 delei
1169 3804 1304 3876 Ρίυμμτεο
1329 3806 1364 3860 de

220 3888 335 3944 Demed.
355 3905 381 3957 p.
400 3893 486 3956 ὅπερ.
506 3884 618 3940 eliunde
636 3885 692 3938 hue
710 3884 850 3940 involasse
868 3883 1009 3955 perspexit
1027 3885 1112 3938 Βανά
1181 3890 1213 3939 17
1234 3886 1365 3954 Δημαίοο

219 3969 292 4038 vulp.
307 3965 422 4037 Δημέου
432 3970 547 4021 33111
563 3963 662 4033 Δημέα
672 3969 722 4018 Av
778 3970 810 4019 18
826 3959 856 4027 δς
870 3968 936 4034 posi
948 3964 1066 4057 χὲχονεν
1080 3963 1183 4018 ἱοιετοί
1197 3982 1260 4019 eum
1275 3965 1365 4021 Βατα-

219 4049 296 4105 λατδ.
312 4047 448 4103 Weeterm.
464 4064 517 4103 om.
533 4044 598 4101 libri
653 4051 685 4099 19
703 4039 872 4112 Κασάνδρου
889 4039 1067 4112 Ἀντιπάτρου
1081 4044 1131 4099 τοῦ
1146 4039 1364 4112 πατρδςδιαδδ-

218 4148 271 4230 χον
285 4145 354 4183 corr.
366 4128 534 4194 Guisehmid,
546 4122 643 4179 Ἀντιπ.
659 4126 709 4180 τοῦ
725 4129 811 4182 Κασσ.
825 4120 931 4191 πατρὸς
944 4123 993 4179 καί
1007 4125 1081 4178 διαδ.
1092 4122 1298 4193 ΔΚασάνδρον
1313 4126 1364 4181 τοῦ

218 4207 395 4278 Ἀντιπάτρου
409 4228 471 4262 πατ.
487 4208 562 4261 διαδ.
576 4206 663 4274 vulpe
683 4206 870 4260 θνίεοίιυιίδίο
884 4205 1002 4260 debetur
1021 4204 1106 4258 eiiam
1123 4195 1206 4266 οὖτος
1224 4222 1251 4274 p
1268 4203 1364 4277 Δημά·

220 4294 280 4362 δης,
294 4290 368 4360 quod
382 4288 489 4342 hebent
502 4286 575 4341 libri.
590 4279 731 4339 Verba
698 4304 821 4348 ουτος-
789 4285 898 4340 -ετὶλ,
909 4285 1008 4340 eedem
1017 4302 1100 4338 manu
1115 4283 1212 4338 addite
1226 4302 1294 4352 eene,
1308 4302 1365 4355 que

220 4373 249 4428 in
271 4373 363 4443 priore
386 4369 446 4423 viie.
468 4359 608 4428 οδτος-
626 4363 751 4436 άχάνας,
776 4364 916 4437 persuasit
933 4365 1093 4420 Gedecdmid
1116 4363 1190 4433 (coll.
1214 4366 1362 4421 verborum

221 4453 317 4512 ordine
336 4450 396 4508 cod
410 4454 444 4520 Δ)
505 4441 536 4510 ὃς
554 4465 605 4518 μετ
609 4436 806 4582 ’Ἀντίπατρον
822 4447 1002 4518 Ρλυμριτερ
1017 4451 1034 4500 8
1055 4445 1191 4502 λΚτελστια.
1215 4462 1269 4501 om
1288 4445 1363 4517 libri,
