3036 5114
231 304 275 368 90
696 306 908 365 HESYCHIUS.

231 485 316 551 σιος,
349 462 463 559 oigssdi-
483 461 682 562 Ἡρόδοτος,
714 471 846 554 Φοῖνιξ,
874 467 1020 556 γεγονὼς
1046 468 1110 554 τρὸ
1142 476 1293 558 Κροίσου
1321 471 1444 541 roton

60 660 63 665 Ι
229 577 288 661 τῆς
310 571 359 641 λε’
384 571 600 661 ὀλυμπιάδος,
624 573 705 642 κατὰ
728 575 766 643 dl
787 577 957 663 Φλέγοντα
975 577 1219 665 γνωριζόμενος
1237 576 1303 667 ἤδη
1322 580 1376 647 ἐπὶ
1401 578 1431 621 '‘'·

134 710 137 715 ·
230 684 288 767 της
311 679 348 762 ξ’.
394 685 516 766 ἔγραψε
539 681 613 767 περὶ
633 682 807 770 μετεώρων
830 684 867 751 ἐν
891 690 996 771 ἔπεσι,
1028 685 1101 774 περὶ
1126 689 1296 772 ἰσημερίας
1319 687 1376 754 καὶ

30 802 34 809 “
182 874 189 889 .
231 786 313 856 ἄλλα
331 787 446 857 πολλοί.
476 788 665 876 ἐτελεύτησε
680 790 717 859 di
731 791 869 878 γηραιὸς
882 791 1054 880 θεώμενος
1068 793 1233 880 γυμνικὸν
1247 789 1375 879 ύγῶνα,

187 894 216 956 tr,
230 896 382 983 πιληθεὶς
411 896 448 965 di
472 893 537 964 ὑπὸ
561 901 621 965 τοῦ
646 895 750 985 όγλου
772 900 828 967 καὶ
851 899 1004 979 ἐκλυθελς
1025 898 1089 969 ὑπὸ
1113 903 1174 968 τοῦ
1196 901 1374 987 καύματος.

231 1007 374 1090 [πρῶτος
401 1003 439 1072 δὲ
466 1008 578 1092 Θαλῆς
603 1002 641 1073 τὸ
670 1008 730 1073 τού
759 1010 869 1093 σοφοῦ
893 1011 988 1094 ἔσχεν
1012 1005 1135 1095 ὄνομα,
1164 1009 1220 1075 καλ
1242 1011 1377 1095 τρόμος

229 1137 291 1198 την
309 1109 433 1199 *droppen
445 1109 536 1196 εἶπεν
547 1108 740 1198 ‚titivm
764 1114 924 1196 ἐκλείψεις
945 1139 981 1182 τε
1004 1115 1061 1182 καὶ
1079 1118 1252 1203 ἰσημερίας
1268 1121 1374 1184 κατεί-

229 1226 344 1306 ληφεν.
382 1215 624 1307 ἀποφθέγματα
649 1220 686 1288 δὲ
709 1217 815 1289 αύτοῦ
837 1229 983 1305 πλεῖστα,
1001 1223 1056 1290 καλ
1079 1221 1116 1291 τὸ
1136 1224 1375 1311 θρυλούμενον

229 1328 355 1413 (γνῶθι
380 1326 536 1396 σαυτόν’
559 1327 596 1396 τὸ
621 1326 684 1416 γὰρ
708 1327 833 1416 ’ἐγγύα,
856 1329 947 1418 πάρα
971 1327 1003 1397 d'
1029 1327 1106 1397 όιτα’
1130 1329 1282 1411 Χίλωνός
1305 1332 1375 1399 ἐστι

192 1453 219 1493 1⁰
231 1436 373 1522 μᾶλλον,
397 1436 695 1523 ίδιοποιησαμένον
718 1433 799 1505 αὐτὸ
823 1437 878 1503 καλ
900 1434 938 1504 τὸ
964 1435 1081 1524 μηδὲν
1104 1435 1225 1523 ἄγαν.’]

317 1541 548 1611 cccxxxiv.
584 1543 762 1631 Θαλήτας
790 1542 883 1632 Κρὴς
908 1541 1073 1632 Ἐλύριος,
1101 1543 1252 1633 λυρικός,
1280 1571 1374 1632 γεγο·

228 1646 295 1728 νὼς
317 1647 381 1736 πρὸ
400 1646 556 1738 Ὁμήρου.
601 1650 691 1738 μέλη.

318 1756 531 1826 OOCXXXV.
568 1742 745 1845 Θαλήτας
772 1757 964 1842 Κνώσσιος,
992 1758 1157 1851 popello}
1206 1759 1375 1848 corriperet

226 1890 304 1933 τινα
327 1862 465 1953 μνθικύ.

190 1990 214 2029 1⁵
318 1974 548 2043 cccxxxvi.
584 1973 762 2063 Θάμυρις
783 1971 804 2062 ἢ
828 1975 1030 2062 Θαμύρας,
1053 1979 1143 2066 Θρᾷξ
1163 1978 1196 2057 ἐξ
1212 1973 1373 2045 Ἠδωνῶν

127 2104 129 2109 ·
227 2084 285 2170 της
304 2084 341 2150 ἐν
359 2087 496 2169 Βρίγοις
513 2080 651 2166 πόλεως,
676 2085 713 2149 ολ
728 2081 766 2149 δὲ
784 2079 849 2150 ἀπὸ
867 2078 1038 2170 Ὀδρύσης,
1057 2081 1130 2162 υίὸς
1152 2082 1375 2171 Φιλάμμωνος

161 2224 167 2271 I
226 2189 281 2257 καλ
298 2186 483 2276 Ἀρσινόης,
507 2186 662 2268 ἐποποιός
685 2186 807 2274 όγδοος
829 2187 893 2275 πρὸ
909 2186 1065 2278 Ὁμήρου,
1088 2189 1171 2257 κατὰ
1196 2189 1233 2258 δὲ
1252 2189 1374 2272 ἄλλους
1398 2200 1470 2248 ¹³0¹*st

160 2292 165 2301 ⁶
227 2297 380 2384 πέμπτος.
426 2287 524 2377 οὗτος
549 2294 567 2365 ὁ
591 2296 756 2384 Θάμυρις,
784 2294 894 2384 ἐπειδὴ
919 2301 966 2378 είς
988 2295 1046 2377 τὰς
1072 2296 1200 2386 μούσας
1223 2296 1374 2386 ὕβρισεν,

228 2403 395 2492 ἐπηρώθη.
451 2405 585 2491 φέρεται
623 2402 660 2472 δὲ
696 2400 801 2472 αὐτοῦ
838 2410 998 2491 θεολογιά
1032 2409 1079 2484 είς
1111 2409 1171 2492 ἔπη
1205 2434 1249 2497 Ιγ.
1305 2407 1374 2491 [καὶ

301 2637 314 2684 1
334 2629 374 2686 sie
393 2635 496 2683 sm
511 2623 652 2702 Ἡροδότῳ
671 2632 756 2685 δοκεῖ
769 2631 840 2698 σοις.
861 2628 895 2683 of.
914 2627 1016 2684 Herod.
1036 2629 1061 2697 1,
1082 2634 1132 2683 reo
1205 2636 1221 2684 e
1241 2632 1306 2700 post
1324 2632 1375 2701 τῆς

228 2711 365 2767 nonnulla
383 2710 519 2766 excidisse
539 2711 568 2764 et
591 2708 666 2778 quod
684 2714 811 2778 superest
830 2704 855 2775 ζ’
875 2709 1025 2763 frustulum
1044 2724 1104 2763 esse
1123 2708 1241 2763 membri
1259 2708 1374 2774 huiusce

228 2790 269 2856 είς
286 2793 343 2846 τῶν
363 2787 388 2858 ζ’
408 2791 505 2860 σοφῶν
524 2791 681 2859 suspicatus
701 2792 744 2844 cst
757 2790 938 2860 Bernhardp3
957 2789 1006 2845 sed
1025 2787 1058 2844 ci.
1075 2805 1145 2857 queo
1161 2790 1195 2844 de
1209 2789 1374 2859 Phlegontis

106 2913 114 2928 .
228 2890 320 2928 errore
339 2870 493 2943 disputavit
510 2869 622 2938 Belide,
640 2870 710 2924 Mus.
725 2869 813 2925 Rhen.
828 2870 946 2925 XXXIII
960 2889 986 2940 p.
1003 2877 1069 2935 211;
1087 2869 1188 2940 fragm.
1208 2869 1374 2941 Phlegontis

227 2970 282 3008 om.
301 2953 403 3007 Miiller
475 2958 491 3005 4
515 2947 676 3019 ἐτελεύτησε
697 2983 728 2989 -
755 2949 820 3005 exit.
841 2967 894 3005 ome
913 2950 988 3005 Eud.
1011 2965 1081 3018 quoe
1105 2952 1201 3004 tomen
1225 2948 1373 3021 descripsit

227 3035 336 3104 πρῶτος
350 3065 383 3073 -
398 3028 547 3086 ἀθάνατον
607 3037 623 3085 6
643 3030 750 3098 πρῶτος
765 3061 797 3069 -
813 3030 877 3085 exit.
897 3030 1036 3085 addidisse
1052 3029 1166 3084 Suidem
1185 3047 1218 3084 ex
1233 3030 1372 3102 ,historico

230 3113 380 3187 Byzantion
395 3111 479 3166 docet
492 3110 606 3165 Cedren.
621 3111 633 3165 l
647 3128 675 3179 p.
684 3115 736 3164 275
756 3109 800 3178 (cf.
816 3111 885 3164 Mus.
898 3111 985 3165 Rhen.
996 3109 1099 3164 XXXV
1114 3128 1140 3180 p.
1152 3112 1223 3178 212).
1242 3111 1372 3167 Fortasse

228 3184 390 3263 ἐτελεύτησε
411 3224 442 3232 -
463 3191 528 3246 exit.
551 3191 606 3261 ipsi
626 3189 727 3245 Suidae
749 3190 892 3245 debentur.
929 3189 1006 3244 Inter
1024 3189 1149 3245 Thaletis
1173 3192 1277 3261 scripta
1295 3191 1371 3249 Eoo.

227 3272 312 3329 refert
330 3272 394 3341 περὶ
415 3268 574 3338 ἐκλείψεως.
612 3270 652 3325 cf.
672 3270 780 3324 Untors.
800 3289 827 3337 p.
847 3276 881 3324 43
901 3273 930 3324 et
948 3275 995 3336 883
1016 3269 1104 3337 Deub,
1124 3269 1159 3324 de
1178 3269 1250 3327 Viol.
1271 3289 1297 3340 p.
1313 3277 1348 3325 λλ

299 3353 481 3409 cccxxxiv
500 3354 574 3409 Eud.
594 3372 620 3423 p.
637 3357 696 3407 374.
729 3350 768 3405 ef.
789 3351 890 3405 Strabo
909 3350 933 3404 X
953 3368 978 3420 p.
995 3353 1046 3404 482
1066 3348 1113 3418 qui
1133 3366 1196 3404 eum
1217 3346 1310 3419 Θάλης
1325 3369 1372 3407 vo-

229 3436 287 3502 cat,
307 3435 382 3503 quod
400 3435 445 3489 hic
464 3434 668 3490 restituendum
686 3431 799 3503 putavit
812 3431 984 3502 Bernhardy.
1014 3430 1142 3485 Ceterum
1162 3449 1187 3485 v.
1206 3430 1315 3501 Meneg.
1335 3434 1372 3488 ed

229 3517 310 3587 Diog.
332 3519 354 3584 Ι,
375 3523 409 3572 38
466 3524 495 3571 11
517 3511 677 3586 ἢἘλύριος
696 3532 764 3571 corr.
787 3513 930 3567 Μαιιείνι
949 3512 1021 3566 Cret.
1042 3511 1097 3578 1‚o
1117 3510 1179 3566 coll.
1196 3510 1291 3582 Steph.
1308 3514 1371 3583 Byr.

228 3615 254 3652 v.
267 3591 398 3666 Ἔλυρος,
417 3591 434 3666 ἦ
456 3591 585 3667 Ἰλλυριός
602 3596 668 3651 libri
687 3599 716 3650 ct
734 3597 823 3660 Eud,
843 3587 860 3663 ἢ
880 3592 1093 3662 expungendum
1114 3607 1173 3646 esse
1192 3590 1265 3648 vidit
1282 3593 1371 3648 Bern-

229 3678 318 3748 hardy
391 3683 423 3730 12
444 3675 550 3746 ἔγραψε
570 3676 638 3747 μέλη
658 3677 727 3731 Eud.

300 3756 467 3811 CCCXXXV
487 3758 562 3812 Eud.
577 3757 596 3813 l.
612 3775 634 3812 c.
663 3758 789 3825 Utroque
807 3755 836 3808 in
856 3754 949 3823 glossa
967 3752 1001 3808 de
1017 3753 1113 3808 eodem
1128 3753 1214 3823 poete.
1228 3752 1274 3823 agi
1292 3755 1373 3823 patet

232 3843 262 3889 13
281 3837 329 3890 καλ
348 3835 442 3907 ἕτερος
461 3835 552 3892 Κνόσ.
572 3840 601 3892 et
618 3835 759 3904 συνέθηκε
782 3855 809 3891 π.
830 3834 904 3888 Eud.

300 3916 482 3972 CCCXXXVI
501 3935 554 3972 om.
576 3917 711 3972 lI'esterm.
787 3922 819 3971 16
842 3916 954 3984 Βρίγοις
977 3932 1011 3970 ex
1030 3913 1124 3983 Steph.
1145 3913 1207 3981 Byz.
1226 3930 1252 3966 v.
1273 3913 1372 3980 Βρίγες

229 3998 372 4052 revocavit
394 3999 560 4067 Bernhardy
583 3998 685 4066 Βρίγης
707 3993 730 4048 Δ
754 3997 882 4065 Βρίγκσις
904 3996 975 4065 vulp.
1000 3994 1085 4048 verbo.
1107 3989 1137 4047 σί
1159 3990 1191 4046 δὲ
1218 3986 1276 4045 ἀπὸ
1297 3985 1370 4062 Ὁδρ.

228 4094 300 4146 quae
319 4077 385 4131 libri
398 4079 462 4147 post
480 4075 605 4146 πέμπτος
623 4077 765 4146 praebent,
784 4074 886 4129 rectius
906 4079 971 4144 posi
988 4071 1095 4135 πόλεως
1114 4071 1257 4138 collocavi,
1275 4067 1371 4140 Ὀδρύ-

229 4177 278 4228 σης
302 4174 370 4212 corr.
394 4159 544 4222 Kertonos,
566 4152 715 4226 Όδρύσσης
737 4155 808 4224 vulp.
834 4154 961 4223 Δρύσσης
979 4158 1026 4206 ΒΕ
1118 4159 1150 4207 17
1172 4147 1315 4222 Ἀργιόπης
1338 4170 1372 4208 ex

229 4236 401 4308 Apollodoro
425 4239 454 4291 et
477 4235 593 4290 Porsen.
618 4234 664 4302 IV,
687 4241 721 4289 33
745 4235 947 4304 corrigendum·
962 4234 1071 4290 monuit
1092 4234 1242 4300 Καελσναι,
1267 4229 1371 4301 ’λρσίσο

229 4320 346 4390 praebet
365 4317 439 4371 Eoo.
459 4336 486 4386 p.
506 4321 558 4369 364
579 4317 623 4381 (ex
641 4315 726 4370 schol.
747 4315 815 4370 Ven.
836 4312 1082 4382 11.11,eos),ubi
1101 4312 1129 4365 in
1149 4313 1274 4382 margine
1293 4313 1371 4367 addi-

230 4405 289 4456 tum
308 4420 350 4470 γρ.
373 4393 510 4467 Ἀρσινόης
579 4400 611 4447 19
631 4394 666 4448 de
684 4394 830 4465 theologie
848 4393 1036 4464 Themidis,
1060 4409 1132 4461 quae
1149 4408 1290 4461 nunquam
1311 4393 1371 4448 fue-

229 4480 278 4550 rit,
304 4480 339 4535 cI.
362 4477 462 4549 Bergk.
486 4475 540 4533 Lit.
565 4473 611 4530 Gr.
629 4473 642 4526 Ι
660 4493 687 4545 p.
709 4481 774 4543 4⁰43
801 4474 904 4542 HIIIer,
926 4473 997 4528 Mus.
1019 4471 1107 4527 Rhen.
1126 4470 1241 4526 XXXIll
1263 4491 1291 4542 p.
1309 4476 1371 4529 522.
