3036 5114
75 378 78 383 .
196 322 260 387 150
656 322 869 379 HESYCHIUS.

194 482 303 568 ρικός,
325 481 471 568 γεγονὼς
494 485 546 552 ἐπὶ
569 487 627 569 τῆς
649 480 804 563 ἁλώσεως
826 484 1007 571 Σάρδεων,
1033 485 1201 570 Λυδιακά,
1224 488 1340 570 βιβλία
1365 506 1422 547 ωε

195 590 238 656 δ’.
276 589 326 671 [ἐν
345 588 381 656 δὲ
406 593 451 681 τῷ
478 590 512 676 β’
532 588 661 658 τούτων
688 593 816 678 ίστορεί
832 588 877 670 ὡς
895 594 1024 681 πρῶτος
1043 591 1154 678 Γύγης
1172 588 1190 660 ό
1212 594 1340 660 Λυδῶν

191 692 350 781 βασιλεὺς
377 711 538 782 γυναῖκας
565 695 778 786 εύνούχισεν,
806 696 897 778 ὅπως
918 688 1035 778 αὐταῖς
1057 703 1165 791 χρῷτο
1188 695 1241 767 ἀεὶ
1263 725 1341 767 νεα-

195 802 351 887 ζοίσαις]
390 794 502 887 [οὗτος
525 807 652 889 ίστορεί
673 802 691 873 ό
715 802 850 884 Ξάνθος
864 801 1027 892 ’Ἀλκιμόν
1048 831 1124 873 τινα
1143 808 1340 891 βασιλεῦσαι

169 914 254 996 ετῆς
283 911 387 978 ἐκεῖσε
413 910 536 999 χώρας,
569 910 807 997 εὐσεβέστατον
834 913 889 980 καλ
916 911 1106 1000 πραότατου
1133 911 1256 1002 ἄνδρα·
1282 913 1340 981 καὶ

195 1013 245 1085 ἐπ’
278 1014 384 1086 αὐτοῦ
415 1020 574 1104 γενέσθαι
606 1019 744 1107 εἰρήνην
776 1025 921 1105 βαθεῖαν
952 1019 1008 1087 καὶ
1039 1024 1186 1089 πλοῦτον
1218 1019 1340 1104 πολύν,

196 1120 302 1204 άδεῶς
330 1124 366 1192 δὲ
393 1125 449 1192 καὶ
476 1121 763 1211 άνεπιβουλεύτως
793 1129 852 1212 ζῆν
880 1128 1028 1196 ἕκαστον.
1073 1123 1143 1194 εἶτα
1170 1125 1283 1213 ἐπειδὴ
1309 1127 1337 1209 ζ’

197 1235 252 1317 ἔτη
281 1222 325 1318 ἦν
351 1235 397 1322 τῷ
419 1230 574 1322 Ἀλκίμῳ,
602 1233 831 1320 προελθόντας
858 1232 938 1314 τοὺς
962 1232 1098 1314 Λυδούς
1123 1237 1284 1319 παμμενεί
1304 1259 1339 1301 τε

197 1337 252 1404 καλ
275 1339 441 1425 πανδημεὶ
464 1338 715 1428 προσεύξασθαι
738 1340 793 1408 καί
817 1344 949 1427 αἰτῆσαι
973 1346 1018 1435 τῷ
1039 1339 1179 1432 Ἀλκίμῳ
1202 1342 1341 1408 τοιαῦτα

160 1471 185 1511 ιο
199 1447 255 1531 ἔτη
286 1446 432 1532 δοθῆναι
463 1446 495 1525 ἐς
523 1443 562 1513 τὸ
593 1449 719 1514 Λυδῶν
749 1445 895 1533 ἀγαθόν·
927 1444 945 1516 δ
976 1449 1031 1516 καλ
1059 1449 1191 1534 μέμονε,
1221 1447 1277 1514 καὶ
1304 1448 1341 1514 ἐν

198 1547 361 1642 εὐποτμίᾳ
383 1578 417 1620 τε
440 1553 495 1619 καὶ
519 1550 719 1642 εὐδαιμονίᾳ
742 1558 847 1643 πολλῇ
872 1558 1014 1642 διῆγον]

286 1677 429 1745 DLXXI.
474 1679 707 1765 Ξέναρχος
737 1677 890 1765 κωμικός.
934 1683 1003 1747 τῶν
1032 1677 1211 1766 δραμάτων
1233 1675 1341 1747 αὐτοῦ

197 1785 266 1853 ἐστι
294 1789 505 1869 Βουταλίων,
534 1782 579 1875 sig
594 1782 784 1876 ,fflivai‘ii
811 1805 916 1871 φησιν
944 1788 981 1854 ἐν
1009 1786 1044 1872 β’
1062 1790 1130 1854 τῶν
1155 1795 1340 1854 Δειπνοσο-

199 1894 339 1978 φιστῶν,
362 1891 417 1959 καλ
442 1891 606 1980 Πορφύρα
629 1892 685 1960 καί
704 1890 852 1977 Σκύθαι,
876 1889 920 1973 sig
944 1890 962 1961 δ
982 1890 1094 1978 αὐτός,
1117 1893 1172 1960 καὶ
1192 1896 1341 1978 Δίδυμοι

159 2024 184 2065 ιε
198 1998 253 2066 καί
277 1998 474 2079 Πένταθλος
496 1998 551 2067 καί
575 2004 743 2087 Πρίαπος,
759 1997 897 2084 Ὕπνος,
921 2000 1143 2087 Στρατιάτης.
1207 2041 1210 2048 -

286 2124 447 2191 DLXXII.
497 2122 788 2211 Ξενοκράτης
823 2121 1016 2209 Ἀγάθωνος
1049 2120 1070 2210 ἢ
1101 2121 1342 2210 Ἀμαθάνορος,

198 2229 446 2317 Χαλκηδόνιος,
468 2228 622 2317 μαθητὴς
644 2231 699 2297 καὶ
723 2228 881 2316 διάδοχος
903 2227 984 2317 μετά
1008 2229 1228 2298 Σπεύσιππον
1251 2228 1344 2297 Πλά-
1362 2242 1424 2287 θεν

196 2365 303 2417 τωνος
326 2337 402 2427 (τοῦ
425 2336 462 2404 δὲ
485 2339 666 2422 Πολέμων,
696 2340 756 2404 τοῦ
780 2337 816 2405 δὲ
840 2336 1030 2426 Κράντωρ).
1071 2337 1126 2405 καί
1152 2339 1344 2425 πέμψαντος

198 2442 288 2537 αύτῷ
306 2447 368 2511 τοῦ
391 2442 591 2523 Μακεδόνος
610 2440 830 2530 Ἀλεξάνδρου
858 2448 985 2531 χρυσοῦ
1009 2442 1155 2514 τάλαντα
1178 2445 1209 2513 λ’
1243 2442 1345 2526 αὐτὸς

158 2561 184 2601 ¹⁰
198 2549 401 2639 ἀπέπεμψεν,
423 2550 527 2620 είπών
549 2551 694 2639 βασιλέα.
711 2554 845 2620 δεῖσθαι
868 2553 1057 2640 χρημάτων,
1080 2548 1122 2620 ού
1142 2552 1345 2640 φιλόσοφον.

199 2665 322 2748 ἔγραψε
344 2660 419 2747 περὶ
441 2663 500 2747 τῆς
523 2657 707 2739 Πλάτωνος
729 2663 904 2739 πολιτείας.

287 2778 465 2844 DLXXlII.
497 2775 770 2865 (Ξενοκράτης
787 2773 1047 2864 Ἀφροδισιεύς.>
1071 2768 1169 2857 οὗτος
1183 2773 1345 2863 συνεγρά-

272 3052 285 3099 1
305 3041 348 3098 ἀλ.
365 3039 488 3112 Ἀθηνῶν
504 3043 651 3098 ermerus
664 3059 729 3097 nem
744 3037 881 3110 Σάρδεων
896 3042 1026 3099 vitiosum
1042 3061 1102 3099 esse
1121 3045 1232 3100 constet
1248 3045 1345 3098 nostro

198 3125 310 3180 Xantho
331 3141 392 3178 cum
412 3124 500 3178 altero
522 3121 608 3192 (Suid.
623 3142 649 3177 v.
664 3125 800 3190 λίσωπος)
820 3124 942 3192 confuso,
961 3123 1009 3193 qui
1027 3126 1057 3178 et
1074 3125 1135 3194 ipse
1149 3123 1243 3194 Lydus
1262 3123 1344 3179 audit

199 3211 215 3260 2
240 3200 272 3259 έν
294 3201 326 3260 δὲ
351 3203 388 3274 τῷ
410 3200 438 3274 β’
460 3233 493 3243 -
514 3200 681 3269 νεαζούσαις
706 3203 855 3273 descripsit
875 3204 1119 3276 Ρειυδο-Πεομολι,
1139 3223 1161 3261 ο,
1177 3211 1226 3270 493
1250 3207 1345 3261 locum

172 3322 175 3339 .
198 3283 324 3340 hausisse
339 3282 454 3340 Suidsm
473 3299 507 3337 ex
521 3284 618 3339 eodem
633 3284 720 3353 fonte,
739 3300 794 3354 quo
812 3302 878 3339 usus
897 3287 940 3340 est
958 3285 1060 3339 Athen.
1077 3284 1129 3340 ΧΠ
1148 3305 1175 3356 p.
1192 3291 1253 3354 515,
1273 3284 1344 3340 coni.

200 3366 374 3434 θνίεολυιίδ,
393 3365 568 3420 Athenaeum
588 3381 653 3419 vero
667 3363 863 3436 neglegentius
881 3365 1061 3421 describendo
1077 3366 1195 3420 duorum
1214 3366 1345 3435 logogrs-

199 3447 318 3518 phorum
338 3445 452 3500 nemius
469 3448 641 3516 permutasse
713 3451 730 3499 4
749 3435 831 3508 οὗτος
851 3476 883 3485 -
902 3446 967 3501 exit.
987 3445 1124 3500 iterantur
1146 3465 1172 3501 v.
1194 3446 1346 3516 πανδημεί,

199 3527 262 3582 edd.
282 3527 386 3582 θαλίαι
404 3544 438 3581 ex
456 3525 568 3582 Nicolei
585 3525 752 3582 Damasceni
770 3525 894 3582 historiis
912 3527 967 3595 (vel
987 3525 1080 3595 potius
1098 3543 1132 3581 ex
1151 3526 1262 3582 Aeliani
1280 3524 1345 3592 περί

199 3610 335 3676 προνοίας
352 3608 438 3676 libro,
462 3608 535 3677 quod
556 3607 712 3678 suspicetur
730 3606 915 3673 θκίεολιικίδ),
938 3605 1038 3661 merite
1057 3606 1191 3675 expunxit
1206 3606 1344 3661 Πενίαν.

200 3686 240 3741 cf.
255 3686 325 3741 Mus.
343 3688 430 3741 Rhen.
447 3686 549 3741 XXXV
564 3707 590 3758 p.
609 3694 658 3743 192
731 3695 747 3743 δ
766 3683 921 3754 ἄνθρωπον
940 3687 1013 3756 vulp.
1032 3681 1125 3755 ἄνδρα
1144 3690 1219 3741 ABV

271 3764 383 3819 DLXXI
403 3768 520 3821 Truetet
532 3767 660 3821 Meineke
670 3769 682 3820 l
693 3785 720 3836 p.
730 3774 796 3831 4343
811 3766 846 3821 ds
860 3765 921 3820 vite
935 3765 1006 3819 dixit
1014 3765 1105 3832 Deub,
1119 3766 1153 3820 de
1168 3765 1245 3821 Suid.
1254 3784 1281 3836 p.
1292 3770 1346 3820 483

202 3850 234 3898 12
249 3843 385 3917 κωμφδός
398 3853 420 3900 V
478 3853 509 3900 13
524 3849 685 3900 Βουταλίωνι
700 3863 766 3902 corr.
780 3846 925 3900 Reineeiue
943 3847 1098 3915 βουκολίων
1112 3852 1163 3899 Η
1183 3847 1346 3900 Βουκολίων

199 3926 271 3993 vulp.
297 3928 457 3981 Βουταλίωνι
480 3925 614 3982 excidisse
638 3928 720 3994 putet
743 3926 871 3992 Dindors
895 3925 1012 3980 eundem
1036 3924 1148 3979 fabulae
1175 3923 1288 3978 titulum
1312 3940 1346 3978 ex

200 4004 304 4060 Suidee
323 4006 382 4061 vita
399 4007 475 4077 apud
493 4007 594 4063 Athen.
613 4005 639 4058 ΙΙ
657 4023 684 4075 p.
700 4012 733 4060 63
753 4004 955 4061 restituendum
974 4021 1033 4060 esse
1052 4003 1125 4059 vidit
1143 4004 1323 4060 Οοιοιιθοκαε

271 4083 397 4139 DLXXII
427 4093 460 4140 16
477 4081 663 4156 Ἀγαθήνορος
677 4102 730 4140 om.
749 4080 767 4154 ἢ
785 4080 973 4154 Ἀγαθάνορος
986 4086 1068 4154 Βίομ.
1084 4083 1159 4152 lv,1
1219 4088 1251 4138 18
1270 4087 1346 4151 Καρ-

200 4160 332 4239 χηδόνιος
349 4171 370 4218 s
389 4166 424 4221 de
443 4167 605 4221 hocerrore
624 4165 657 4220 uf.
678 4166 763 4221 etism
782 4164 872 4233 Diels,
892 4166 1012 4234 Dexogr.
1031 4183 1058 4235 p.
1076 4171 1126 4220 119
1145 4167 1234 4220 nott

201 4242 334 4308 διάκονος
352 4252 375 4299 Δ
449 4252 481 4316 19
500 4246 578 4301 Hune
597 4246 721 4301 fabulam
744 4245 908 4315 compilavit
928 4245 1166 4314 Ρεινάο-Ηοεμιίι.
1186 4249 1272 4309 (1.6ος
1291 4244 1347 4299 He-

200 4327 297 4400 sychio
320 4326 511 4399 suppeditavit
528 4326 609 4397 Πίος.
630 4327 677 4394 Ν,
688 4331 713 4395 8,
734 4342 902 4395 quemquem
921 4328 1008 4395 neget
1027 4325 1253 4380 Wilumowitxius
1271 4324 1346 4394 apud

200 4409 306 4478 Muses,
325 4409 419 4479 Biogr.
437 4427 464 4478 p.
481 4413 530 4461 161

272 4489 411 4544 DLXXIII
443 4492 477 4543 22
496 4482 677 4556 Ξενοκράτης
694 4481 884 4556 Ἀφροδισιεύς
905 4486 966 4557 ipse
987 4484 1117 4556 supplevi
1135 4485 1198 4540 coll.
1219 4483 1296 4540 suis.
1316 4503 1344 4541 v.
