3036 5114
597 339 809 395 HESYCHIUS.
1208 337 1269 400 221

127 504 234 591 θήρα,
267 504 322 572 καὶ
351 501 555 589 ἀποτμηθεὶς
585 499 648 587 τῆν
679 505 829 587 γλῶτταν
856 497 1035 567 άπίθανευ.
1086 496 1103 565 ὁ
1136 498 1172 565 δὲ
1199 496 1274 578 υίὸς

128 608 233 680 αὐτοῦ
262 611 473 690 Γλαύκιππος
504 607 544 678 τά
578 606 660 676 ὀστᾶ
692 607 804 695 λαβὼν
836 612 884 688 είς
916 606 953 674 τὸ
983 609 1139 698 πατρῷον
1167 610 1273 686 ἔθαψε

128 725 252 808 μνῆμα.
300 719 364 786 είσὶ
388 718 426 785 δὲ
450 721 484 785 οί
505 716 625 796 πάντες
647 715 743 801 λόγοι
767 712 872 784 αὐτοῦ
895 714 959 796 νς’.

218 828 433 895 DCCCXVII.
474 831 707 911 Φαβωρῖνος
727 819 904 910 Ἀρελάτου
926 826 985 908 τῆς
1007 823 1044 889 ἐν
1068 826 1193 910 Γαλλίᾳ
1216 819 1274 888 πό-

128 944 220 1021 λεως,
243 931 330 1022 άνῆρ
353 932 554 1022 πολυμαθής
571 931 653 1000 κατά
671 935 783 999 πᾶσαν
802 934 968 1024 παιδείαν,
992 929 1138 1017 γεγονὼς
1157 929 1194 996 δὲ
1211 927 1301 1015 τῆνο

128 1046 189 1111 τοῦ
206 1041 356 1129 σώματος
371 1042 439 1122 ἕξιν
456 1039 708 1129 [άνδρόγυυος],
728 1037 769 1108 ὅν
784 1059 889 1126 φασιν
904 1038 1162 1127 ἑρμαφρόδιτον,
1182 1042 1275 1122 φιλο-

130 1156 252 1237 σοφίας
274 1149 403 1238 μεστός,
429 1152 588 1237 ῥητορικῇ
612 1147 797 1235 δὲμᾶλλον
820 1147 1029 1233 ἐπιθέμενος,
1052 1140 1199 1231 γεγονὼς
1222 1143 1274 1209 ἐπὶ

37 1262 66 1286 “”“
135 1261 304 1346 Τραϊανοῦ
333 1261 395 1325 τοῦ
419 1261 605 1344 Καίσαρος,
632 1256 687 1322 καὶ
715 1260 915 1341 παρατείνας
942 1256 1036 1341 μέχρι
1058 1256 1126 1320 τῶν
1147 1248 1274 1337 Ἀδρια-

128 1369 191 1433 νοῦ
220 1364 353 1452 χρόνων
383 1368 444 1432 τοῦ
468 1364 637 1449 βασιλέως.
683 1359 966 1448 άντεφιλοτιμεῖτο
990 1364 1075 1446 γοῦν
1096 1360 1151 1427 καὶ
1176 1362 1274 1445 ζῆλον

128 1470 193 1559 είχε
221 1471 305 1560 πρὸς
332 1471 553 1559 Πλούταρχον
584 1469 645 1539 τὸν
674 1471 850 1557 Χαιρωυέα
879 1472 911 1550 ἐς
936 1469 974 1538 τὸ
1002 1473 1071 1538 τῶν
1100 1489 1273 1535 συνταττο-
1289 1488 1314 1526 1⁰

129 1580 240 1666 μένων
263 1583 405 1666 βιβλίων
428 1576 576 1665 άπειρον.
621 1579 801 1666 γέγραπται
824 1581 911 1663 γοῦν
935 1573 1023 1666 αύτῷ
1047 1573 1219 1662 φιλόσοφά
1238 1586 1288 1639 τε

127 1686 182 1753 καί
212 1683 378 1773 ίστορικά,
407 1676 455 1753 ὦν
483 1684 588 1765 πολύς
610 1683 763 1773 ἀριθμός.
810 1689 879 1754 ἔστι
903 1683 940 1752 δὲ
963 1684 1018 1752 καί
1041 1685 1116 1750 τωνΙ
1132 1686 1275 1768 βιβλίων

129 1791 234 1861 αύτού
256 1795 374 1859 ταῦτα·
397 1791 471 1878 περὶ
493 1795 552 1877 τῆς
569 1789 716 1878 Ὁμήρου
739 1796 951 1877 φιλοσοφίας,
974 1792 1048 1880 περὶ
1072 1789 1276 1877 Σωκράτους

130 1900 185 1968 καὶ
213 1904 271 1986 τῆς
297 1896 369 1967 κατ’
400 1896 504 1967 αὐτὸν
535 1901 693 1986 ἐρωτικῆς
719 1901 848 1986 τέχνης,
876 1901 952 1986 περὶ
975 1898 1171 1981 Πλάτωνος,
1199 1896 1274 1984 περὶ

127 2011 185 2092 τῆς
218 2008 346 2092 διαίτης
377 2008 445 2071 τῶν
478 2002 677 2090 φιλοσόφων
708 2005 763 2072 καὶ
794 2002 888 2073 ἄλλα.
939 1996 1037 2085 οὗτος
1064 2010 1185 2093 ἔγραφε
1217 2004 1272 2071 καὶ
1289 2025 1314 2064 15

10 2112 11 2118 ί
129 2112 370 2199 γνωμολογικά.

216 2221 448 2289 DGCCXVIII.
494 2224 655 2287 Φαίδων
680 2218 808 2300 Ἠλεῖος
836 2219 1040 2309 φιλόσοφος,
1070 2220 1274 2306 Σωκράτους

127 2326 306 2413 άκουστής,
330 2323 374 2417 ,ὃς
401 2320 478 2416 ῆρξε
506 2331 565 2415 τῆς
583 2324 739 2414 Ἠλιακῆς
765 2326 821 2396 ἀπ’
853 2324 957 2397 αὐτοῦ
986 2336 1167 2417 κληθείσης
1189 2328 1286 2415 aspi·-

129 2455 221 2521 σεως,
245 2432 317 2521 ήτις
334 2432 478 2523 ὕστερον
496 2433 561 2504 άπὸ
581 2436 787 2523 Μενεδήμου
804 2440 866 2504 τοῦ
882 2434 1071 2525 Ἐρετριέως
1082 2432 1272 2524 Ἐρετριακῆ

127 2541 394 2630 προσηγορεύθη.
453 2547 576 2610 τούτου
618 2545 742 2629 συνέβη
783 2546 917 2630 πρῶτον
959 2543 1170 2631 αἰχμάλωτον
1206 2540 1272 2610 ὑπὸ
1287 2564 1314 2601 20

125 2647 243 2717 Ἰνδῶν
267 2653 452 2735 ληφθῆναι,
476 2647 546 2716 εἶτα
566 2650 707 2737 πραθεὶς
725 2654 944 2742 πορνοβοσκῷ
964 2677 1030 2719 τινι
1049 2651 1192 2738 προέστη
1211 2647 1269 2718 ὑπ’

128 2755 232 2824 αὐτοῦ
264 2755 348 2845 πρὸς
380 2757 551 2844 ἕταίρησιν
579 2759 615 2824 ἐν
641 2755 808 2844 Ἀθήναις.
861 2757 1009 2846 ἐντυχὼν
1037 2757 1074 2826 δὲ
1103 2761 1272 2846 Σωκράτει

128 2865 336 2956 ἐξηγουμένη)
365 2861 499 2952 ἠράσθη
527 2869 596 2933 τῶν
624 2863 735 2951 λόγων
768 2862 873 2933 αύτοῦ
903 2867 959 2934 καί
987 2871 1073 2935 αίτεῐ
1095 2867 1272 2934 λύσασθαι.

127 2968 145 3037 ὁ
167 2969 203 3038 δὲ
222 2977 333 3039 πείθει
350 2969 564 3058 Ἀλκιβιάδην
586 2978 749 3060 πρίασθαι
773 2971 896 3058 αὐτόν,
918 2975 973 3042 καὶ
993 2966 1037 3060 ῆν
1056 2974 1093 3043 τὸ
1114 2976 1273 3043 ἐντεῦθεν

127 3076 323 3164 φιλόσοφος.
375 3078 527 3169 διάλογοι
559 3079 596 3147 δὲ
623 3077 728 3148 αὐτοῦ
757 3081 936 3170 Ζάπυρος,
965 3082 1114 3170 Μήδιος,
1142 3089 1342 3171 >Septemv-

127 3181 320 3272 Ἀντίμαχος
342 3181 363 3272 ῆ
389 3186 596 3274 Πρεσβύτης,
619 3193 751 3274 Νικίας,
775 3195 932 3278 Σιμμίας,
954 3188 1172 3278 Ἀλκιβιάδης,
1192 3164 1272 3277 ispi·

128 3289 256 3371 τόλαος.

199 3532 215 3580 3
234 3521 281 3595 νβ’
302 3525 497 3596 corrigendum
516 3541 576 3580 eise
595 3525 668 3579 vidit
685 3527 851 3600 Bernhardy

198 3604 369 3660 DCCCXVII
389 3605 429 3661 cf.
448 3606 609 3663 Philosiret.
628 3606 684 3661 vit.
704 3607 729 3674 I,
749 3615 774 3663 8.
811 3610 1023 3681 Praeceptorem
1047 3610 1132 3666 fuisse
1153 3608 1272 3665 Herodis

127 3687 213 3742 Attici
232 3688 314 3743 dooei
331 3707 357 3743 v.
374 3683 500 3756 Ἡρώδης
553 3682 729 3756 λ’λρελάτου
749 3706 817 3748 corr.
832 3708 866 3745 ex
883 3692 1014 3748 Philostr.
1030 3687 1174 3764 ’λρλεάτου
1189 3696 1273 3747 ΛΠ(

127 3771 185 3822 ΔΙᾱ.
199 3763 401 3836 ἈρλεάτονΒΕ
413 3761 572 3838 Ἀρελλάτου
586 3772 646 3823 eu.
697 3770 869 3841 6gloseema
882 3772 918 3828 de
932 3773 1034 3830 seclusi
1085 3781 1116 3828 11
1133 3775 1272 3847 βιβλίον7
1369 3838 1371 3842 Ι

126 3848 196 3915 γοῦν
211 3853 263 3902 Η
309 3840 361 3903 σύν
378 3850 451 3919 vulp.
522 3855 554 3902 14
573 3848 748 3905 desideratur
762 3849 938 3923 Παντοδαπῆ
953 3847 1021 3923 ύλη,
1039 3855 1074 3910 de
1089 3871 1144 3923 que
1158 3854 1272 3909 omnino

129 3927 164 3981 of.
184 3927 287 3983 Miiller
305 3928 344 3983 111
362 3946 389 3998 p.
405 3934 456 3983 579
472 3944 529 3999 seq.

197 4017 382 4073 Dcccxvlss
405 4018 482 4073 Eud.
506 4036 532 4087 p.
553 4022 612 4072 719.
655 4017 695 4073 Of.
714 4018 796 4090 Diog.
817 4022 855 4091 ΙΙ,
881 4029 939 4078 105.
983 4023 1076 4079 Peuce
1099 4025 1272 4095 deprompsit

128 4098 374 4170 Pseudo-Hesper».
394 4116 417 4153 c.
434 4105 467 4153 70
550 4104 581 4153 17
602 4101 693 4168 Σωιρ.
713 4095 758 4155 niu.
778 4107 873 4158 ωειλ
952 4110 984 4159 18
1003 4099 1035 4168 ὃς
1052 4096 1118 4175 ἦρξε
1138 4136 1173 4145 -
1192 4103 1270 4174 φιλό·

126 4197 213 4248 οοφος
232 4197 286 4234 om.
301 4180 377 4234 Eud.
392 4194 512 4249 pergens
528 4179 665 4248 φέρονται
682 4175 770 4235 αύτού
786 4179 912 4252 διάλογοι
970 4191 1003 4240 21
1023 4186 1130 4257 λῃστῶν
1144 4202 1195 4255 pro
1208 4180 1270 4238 Ἰνδ.
1341 4197 1342 4200 ’

128 4257 231 4313 Portus
249 4277 333 4312 τινων
349 4259 499 4327 Μακαρίαν
523 4259 560 4312 ad
578 4259 658 4330 Diog.
679 4318 681 4322 ,
710 4255 760 4315 ὑπ’
778 4256 918 4330 Ἀρκάδων
936 4265 1078 4321 haesitans
1098 4265 1270 4328 Gutechmid3

127 4356 150 4392 v.
161 4338 359 4405 Wachemuth‚
378 4336 470 4407 Symb.
489 4357 516 4408 p.
533 4344 584 4393 142
665 4347 699 4395 22
723 4341 762 4396 sie
781 4358 850 4398 corr.
868 4345 1031 4415 Μαιαρίαο,
1055 4340 1191 4414 ἕταίρισιν
1214 4343 1269 4413 (vel

127 4415 275 4487 ἓταιρίσιν,
294 4418 334 4472 sic
352 4422 422 4487 Ale.)
436 4423 489 4471 B!
502 4420 588 4488 vulp,
611 4415 762 4489 ἑταίροισιν
781 4427 812 4486 V,
832 4419 967 4495 ἕταίρισιν
986 4425 1152 4496 Bernhardy

126 4504 161 4551 26
181 4502 311 4569 Σκαμίας
330 4500 405 4553 Eud.
426 4515 498 4569 quae
517 4519 538 4555 e,
558 4501 602 4557 fin.
622 4502 685 4556 edd.
705 4501 754 4557 καὶ
773 4498 844 4558 ἄλλα
