3036 5114
254 316 318 382 110
715 318 929 376 HESYCHIUS.

339 478 487 547 CCCCX.
536 476 753 562 Ἱππῶναξ
791 479 917 549 Πύθεω
955 482 1011 550 καὶ
1047 478 1171 571 μητρὶς
1210 483 1399 566 Πρωτίδος,

249 583 400 672 Ἐφέσιος
428 587 666 675 ίαμβογράφος.
713 587 820 682 ᾤκησε
849 587 885 656 δὲ
914 585 1127 675 Κλαζομενάς
1154 585 1219 656 ὑπὸ
1246 592 1315 657 τῶν
1341 614 1429 683 res-5
1462 652 1479 675 „

252 693 388 781 ράννων
417 693 628 784 Ἀθηναγόρα
654 696 708 764 καί
739 700 845 783 Κωμά
874 697 1050 778 ἐξελαθείς.
1095 693 1217 783 γράφει
1246 695 1284 763 δὲ
1311 693 1397 780 πρὸς

188 892 191 898 ,
252 800 432 871 Βούπαλον
463 803 518 870 καὶ
537 802 684 889 ’Ἀθηνιν
716 800 1019 891 άγαλματοποιοάς,
1050 800 1103 871 ὅτε
1131 800 1236 870 αὐτοῦ
1265 801 1399 883 εἰκόνας

85 988 89 995 ,
152 932 155 937 ·
225 907 335 996 σπρὸς
356 907 457 996 ὕβριν
481 910 686 999 εἰργάσαντο.
734 901 832 990 οὗτος
853 914 984 1004 πρῶτος
1007 915 1129 1007 ἔγραψε
1139 914 1322 1009 ,merliu
1340 911 1396 978 καί

252 1021 444 1104 χωλίαμβον
466 1018 523 1086 καὶ
546 1015 639 1106 άλλα.

341 1125 502 1193 000οΧΙ.
537 1123 694 1215 [Ἰσαῖος
718 1118 765 1205 εἷς
787 1126 848 1213 μέν
873 1127 940 1193 ἐστι
963 1135 1031 1193 τῶν
1050 1126 1079 1192 ι’
1102 1124 1268 1212 ῥητόρων,
1291 1134 1400 1212 μαθη·

251 1229 309 1318 τὴς
338 1231 375 1299 δὲ
395 1229 618 1320 Ἰσοκράτους,
646 1231 846 1312 διδάσκαλος
872 1231 908 1300 δὲ
934 1233 1194 1319 Δημοσθένους,
1221 1231 1400 1318 Ἀθηναῖος

252 1337 289 1407 τό
314 1341 423 1425 γένος·
449 1339 642 1427 Δημήτριος
665 1339 702 1408 δὲ
726 1341 891 1408 Χαλκιδέα
915 1339 1019 1426 φησὶν
1042 1336 1148 1408 αὐτὸν
1167 1338 1262 1408 εἶναι.
1300 1331 1398 1420 οὗτος

215 1469 239 1509 ιο
254 1449 436 1516 ἐπαινεῖται
463 1447 519 1514 καὶ
548 1444 591 1528 ὡς
619 1445 729 1534 ῥήτωρ
759 1447 814 1514 καὶ
842 1443 886 1528 ως
911 1450 1139 1534 Δημοσθένην
1168 1444 1290 1543 άριισθί
1318 1470 1399 1533 προ·

255 1554 415 1640 αγαγών]

345 1662 525 1730 ccccxli.
552 1661 751 1749 Ἰσίδωρος
768 1659 990 1749 πρεσβύτερος
1010 1657 1295 1748 ὁΠηλουσιιάτης,
1315 1657 1403 1749 άνὴρ
1495 1692 1502 1703 ·

255 1768 530 1857 ἐλλογιμώτατος,
554 1767 743 1857 φιλόσοφός
766 1795 800 1836 τε
819 1768 875 1835 καὶ
893 1767 1013 1856 ῥήτωρ,
1046 1767 1221 1847 ἐπιστολάς
1245 1770 1403 1856 ἑρμηνευ-

255 1875 358 1957 ούσας
379 1875 441 1961 την
466 1881 566 1945 θείαν
589 1875 723 1964 γραφὴν
748 1902 791 1965 y.
836 1876 981 1962 γέγραφε
1004 1877 1059 1943 καί
1082 1874 1169 1944 άλλα
1191 1876 1276 1945 τινά.

216 2014 241 2054 ισ
345 1994 541 2062 000οΧΙΠ.
567 1992 791 2079 Ἰσοκράτης
806 1990 986 2081 Θεοδώρου
1007 1988 1203 2078 αὐλοποιοῦ,
1224 1991 1404 2081 Ἀθηναῖος

256 2098 381 2188 ῥήτωρ,
408 2099 590 2189 γενόμενος
617 2098 670 2168 ἐπὶ
697 2103 755 2185 τῆς
784 2096 841 2168 κε’
865 2095 1084 2185 ὀλυμπιάδος,
1113 2095 1132 2165 ὅ
1162 2101 1230 2167 ἐστι
1259 2098 1341 2168 κατά
1364 2099 1405 2169 τά

255 2205 565 2293 Πελοποννησιακά.
610 2206 666 2273 καὶ
696 2205 752 2273 διὰ
779 2204 840 2291 μὲν
867 2209 926 2291 τῆς
952 2209 1068 2291 φωνῆς
1095 2202 1157 2291 τὴν
1182 2202 1323 2274 άτονίαν
1346 2208 1403 2276 καὶ

255 2313 292 2382 τὸ
316 2310 587 2401 ἀπαρρησίαστον
612 2318 706 2392 δίκας
732 2310 793 2381 οὐκ
812 2310 914 2400 εἶπεν,
938 2316 1067 2395 ἐδίδαξε
1087 2313 1124 2382 δὲ
1144 2319 1327 2399 πλείστους,
1346 2314 1403 2381 καί

257 2545 316 2600 dixi
330 2546 438 2604 Unters.
453 2567 480 2618 p.
496 2555 529 2603 47
544 2550 601 2603 not.
615 2553 645 2615 λς
664 2546 739 2602 idem
755 2541 895 2614 Ἀργολικὰ
918 2545 1076 2600 fabularum
1096 2546 1243 2602 historiam
1260 2562 1348 2616 usque
1367 2547 1405 2602 ad

256 2626 420 2695 Phidonem,
439 2624 574 2684 Σικελικά
590 2630 618 2695 (a
631 2627 730 2697 quibus
742 2625 879 2683 Chronica
893 2642 948 2680 non
962 2625 1072 2680 diversa
1085 2626 1208 2696 luerunt)
1227 2627 1292 2683 inde
1306 2644 1324 2682 a
1337 2628 1403 2682 Phi-

257 2708 328 2763 dons
347 2705 496 2764 historiam
511 2710 679 2764 continuisse
695 2707 833 2777 opinatur,
851 2702 1076 2775 Ἀρχαιολοηικῶν
1090 2706 1166 2764 Eud.
1182 2725 1237 2776 quo
1252 2708 1286 2764 dc
1300 2726 1404 2779 genere

258 2787 406 2843 titulorum
426 2787 460 2845 cl.
475 2808 499 2843 v.
518 2785 683 2858 Εάοτόχιος,
701 2782 809 2856 Ἰάσων,
824 2782 977 2855 Μαρσύας,
992 2789 1153 2856 Σιμωνίδης
1168 2781 1282 2858 Ἀμορη,
1303 2791 1402 2859 Φερεκ.

256 2865 328 2938 ’Am
348 2870 486 2925 Eudociae
502 2871 650 2925 lectionem
667 2868 790 2938 praefert
803 2868 879 2935 Bast,
899 2864 1003 2920 Comm.
1019 2864 1078 2921 Pal.
1093 2884 1119 2936 p.
1136 2872 1196 2936 754,
1215 2861 1406 2938 άρηολοηικῶν

258 2952 330 3018 ναῖς.
355 2947 545 3018 &protopassio
568 2949 750 3002 Hemstertus.
788 2948 856 3002 Post
880 2946 952 3001 hanc
978 2964 1074 3002 vocem
1100 2946 1165 3001 libri
1192 2948 1296 3004 habent
1321 2944 1405 3016 οὗτος

176 3080 179 3085 .
258 3032 368 3097 πρῶτος
388 3027 494 3099 ἔγραψε
509 3031 657 3101 παρῳδίαν
677 3026 725 3082 καὶ
740 3028 898 3101 χωλίαμβον
918 3022 1063 3094 aalaidis,
1083 3042 1153 3095 quae
1173 3044 1206 3081 ex
1221 3027 1407 3100 Hipponactis

259 3110 318 3165 vita
336 3109 406 3162 miro
426 3126 518 3163 errore
538 3108 709 3179 transposita

330 3187 445 3244 000οΧ
463 3190 539 3245 Eua.
558 3208 585 3258 p.
600 3194 665 3256 404,
685 3205 756 3256 quac
775 3205 828 3243 om.
850 3184 956 3242 Πύθεω
976 3219 1009 3227 -
1024 3189 1183 3257 Προιτίδας,
1203 3185 1294 3259 ᾤκησε
1311 3222 1344 3231 -
1360 3188 1403 3259 ἐξ·

259 3271 374 3333 ελαθείς
419 3278 429 3323 1
451 3266 589 3324 ΠάδεοΔ
630 3271 743 3339 314ομᾶ
758 3274 808 3322 BR
827 3266 926 3339 Κόρου
941 3269 1108 3338 Bernhardy
1127 3267 1185 3323 sine
1205 3270 1306 3327 idonea
1320 3288 1407 3328 causa

331 3359 458 3415 ccccxl
477 3360 553 3415 Euo.
573 3379 600 3430 p.
620 3366 680 3415 401.
719 3360 759 3413 cf.
779 3358 872 3424 Blass,
893 3360 949 3414 alt.
971 3358 1080 3414 Bereds.
1096 3358 1121 3411 ll
1140 3376 1166 3427 p.
1182 3363 1233 3413 452
1245 3376 1302 3429 seq.
1333 3361 1408 3418 Tota

258 3442 369 3498 fereda
389 3441 610 3511 Harpocrations
630 3461 655 3495 v.
673 3436 716 3495 Ἰο.
736 3441 854 3511 pandet3
873 3440 968 3509 itaque
988 3439 1126 3508 Hesychio
1145 3437 1334 3498 abiudicanda

260 3529 275 3578 7
294 3523 350 3577 τῶν
369 3520 486 3589 πράσων
505 3521 590 3576 Βααδ
645 3518 775 3591 μαθητὴς
793 3518 844 3590 μὲν
864 3520 939 3574 Eud.
1002 3525 1018 3573 9
1038 3514 1197 3590 Δημήτριος
1212 3553 1244 3562 -
1261 3518 1336 3576 εἶναι
1350 3540 1405 3579 om.

259 3602 334 3655 Eud.
357 3599 398 3655 De
413 3599 556 3656 Demetrio
572 3602 710 3669 Magnete,
730 3601 777 3668 qui
792 3600 855 3668 περί
875 3595 1032 3668 ὁμωνύμων
1046 3598 1163 3669 scripsit,
1182 3601 1217 3656 cf.
1233 3601 1406 3672 Scheurlser,

258 3680 377 3734 Doructr.
404 3699 431 3750 p.
452 3688 494 3746 87,
515 3701 542 3736 v.
567 3682 726 3749 Nictzschc,
746 3682 815 3738 Mus.
835 3680 922 3735 Rheu.
943 3678 1033 3732 XXIV
1049 3697 1077 3749 p.
1096 3685 1148 3733 210
1163 3696 1219 3749 seq.
1244 3685 1275 3735 et
1296 3683 1406 3739 Unters.

259 3780 286 3830 p.
302 3768 335 3815 50
345 3778 401 3829 seq.
456 3753 539 3822 οὗτος
555 3792 586 3799 -
602 3761 676 3828 erit,
690 3778 761 3829 quae
775 3762 810 3815 ab
825 3761 988 3829 Harpocrat.
1004 3760 1116 3826 desunt,
1136 3760 1249 3815 aliunde
1264 3762 1405 3817 fluxerunt

261 3847 294 3895 10
317 3840 369 3895 Hic
389 3841 452 3895 add.
473 3839 548 3894 Suid.
568 3842 703 3896 nonnulla
721 3858 754 3895 ex
773 3842 933 3897 Philostrat.
953 3840 1010 3895 Vit
1030 3840 1054 3907 l,
1078 3847 1112 3896 20
1131 3861 1157 3912 p.
1173 3848 1225 3897 218
1244 3844 1326 3914 Kays.
1364 3843 1406 3902 cf.

259 3922 329 3978 Mus.
350 3922 437 3978 ltlren.
457 3920 560 3976 XXXV
579 3939 606 3991 p.
626 3928 678 3976 214

332 4001 472 4056 ccccxll
493 4020 546 4059 om.
564 4002 700 4057 ll'esterm.
784 4011 817 4058 12
836 4000 992 4078 πρεσβύτης
1010 4004 1081 4072 vulp.
1102 4000 1288 4076 πρεσβύτερος
1306 4009 1329 4057 Δ

262 4091 294 4139 13
318 4085 452 4154 epistolas
476 4087 532 4137 tres
558 4083 708 4152 significari
735 4086 847 4154 putavit
871 4084 985 4150 Portus,
1011 4082 1066 4137 tria
1090 4081 1168 4136 milia
1192 4083 1309 4152 exprimi
1334 4085 1409 4141 vidit

260 4166 396 4220 Kusterut
470 4169 502 4217 14
521 4165 685 4233 plerumque
704 4169 769 4234 post
787 4165 911 4236 γέγραφε
932 4164 1153 4232 intcrpungitur,
1172 4165 1220 4219 sed
1240 4164 1314 4235 ηέηρ.
1330 4184 1405 4237 susp.

332 4244 485 4301 ccccxlll
505 4245 579 4301 Εαδ.
599 4263 625 4314 p.
641 4251 700 4300 402.
730 4246 770 4301 Cf.
786 4247 877 4314 Blass,
896 4245 913 4298 l.
930 4263 953 4298 ο.
969 4262 994 4312 p.
1013 4249 1093 4310 lueq.
1157 4250 1190 4297 16
1209 4242 1362 4312 γενόμενος
1380 4266 1407 4300 τι.

262 4347 284 4383 τ.
305 4327 408 4382 Πελοπ.
430 4325 504 4380 Ean.
524 4342 642 4395 pergens
662 4324 768 4395 ἔγραψε
793 4322 893 4396 λόγους
911 4322 954 4393 λβ
976 4318 1079 4393 βιώσας
1098 4320 1146 4391 ἔτη
1166 4324 1228 4390 τρία
1251 4320 1322 4394 πρὸς
1342 4321 1407 4380 ἕκα-

261 4405 312 4462 τὸν
335 4409 383 4463 rel.
407 4407 516 4463 omissis
607 4403 679 4459 κατὰ
700 4406 799 4462 Goraes
817 4409 845 4462 in
864 4407 977 4461 lsocrat.
996 4405 1022 4456 ll
1040 4422 1067 4473 p.
1082 4409 1114 4456 ot
1135 4400 1204 4474 μετὰ
1224 4409 1246 4455 Δ
1265 4406 1351 4474 vulp:
1371 4405 1406 4461 cf.

262 4489 375 4559 ltohde,
393 4488 462 4545 Mus.
476 4487 565 4542 Rhen.
581 4487 697 4541 XXXlll
711 4507 737 4558 p.
759 4495 808 4543 191
828 4493 885 4544 not.
960 4492 991 4540 17
1011 4480 1135 4540 ἀπονίαν
1152 4489 1180 4537 11
