3036 5114
615 279 898 379 Pnonnccncnn.
1201 324 1331 380 XXXVII

185 485 356 574 πρότερος,
381 489 572 565 Φιλίσκος
593 483 785 574 Ἀρχενίδου
808 525 844 535 -
863 483 1084 574 Ἀρχωνίὸοο,
1111 492 1330 554 Φιλιστίων

185 599 382 680 μισοψισταί
412 634 450 643 -
485 601 743 682 μισοψηφισιοιί,
779 594 949 681 Φόρμος
979 595 1044 663 εἰσὶ
1070 593 1119 681 ,δὲ
1151 598 1254 662 ταῦτα
1290 633 1327 643 -

186 703 249 769 elul
282 701 319 770 di
351 727 428 788 om,
460 707 614 789 Χείρων
647 706 867 788 causatorum
901 743 942 752 —
977 701 1207 788 ίιιιιιοιτρικόν,
1239 709 1330 770 Χοι-

186 815 293 896 ρίλος
323 811 453 896 ἐνίκησε
478 808 514 876 δὲ
541 809 632 897 ῥ’-
661 813 706 879 ἐν.
734 810 772 879 δὲ
800 809 859 897 ιγ’,
896 812 1130 897 Χρύσιππος
1156 815 1232 878 crist
1290 850 1326 860 -

186 920 309 985 πλείων
327 919 361 984 Μ
384 918 457 983 Ald.

274 1025 342 1092 Nec
366 1049 497 1092 monere
521 1049 601 1111 opus
626 1033 689 1112 est,
717 1050 771 1093 eas
795 1027 932 1093 Violarii
956 1028 1124 1107 lectiones,
1151 1051 1231 1113 quas
1254 1051 1330 1095 enu·
1391 1083 1412 1111 ,

186 1136 315 1219 meravi,
343 1155 382 1198 ex
410 1136 587 1218 exemplari
616 1136 705 1220 typis
733 1137 799 1210 iam
828 1136 985 1221 impresso
1014 1158 1078 1201 nou
1108 1136 1247 1202 describi
1275 1159 1329 1220 po·

185 1243 299 1327 tuisse,
322 1264 393 1307 cum
415 1263 455 1306 ne
479 1241 660 1307 levissimus
684 1242 813 1326 quidem
837 1242 888 1307 vel
913 1242 1154 1328 stupidissimus
1178 1244 1330 1309 librarius

185 1349 302 1414 nedum
326 1349 477 1414 falsarius
500 1349 582 1414 talia
604 1349 796 1434 peccaverit.
841 1349 915 1414 Aldi
940 1351 1025 1415 enim
1049 1350 1147 1415 editio
1172 1353 1221 1415 vel
1245 1351 1330 1437 puti-

184 1456 327 1521 dissimis
355 1456 457 1521 oculis
484 1456 573 1522 nullo
600 1478 696 1542 opere
724 1456 869 1522 adhibito
900 1457 1087 1543 perlegitur.
1132 1456 1200 1523 Nec
1223 1459 1330 1524 minus

185 1569 324 1648 constat,
342 1586 382 1628 ne
397 1563 538 1628 codicem
553 1563 683 1649 quidem
699 1563 775 1628 Aldi
791 1562 930 1628 Manutii
946 1599 985 1609 -
1006 1564 1034 1628 si
1053 1565 1183 1649 quidem
1201 1570 1331 1650 praeter

183 1672 356 1738 editionem
384 1670 658 1736 Mediolanensem
692 1671 791 1735 etiam
825 1670 944 1735 librum
971 1671 1227 1756 manuscriptum
1256 1693 1329 1737 eum

111 1780 116 1788 '
185 1778 384 1845 consuluisse
403 1777 536 1862 iudicas,
559 1777 643 1862 quod
664 1777 698 1841 in
717 1777 825 1842 medio
849 1776 1029 1862 relinquam
1049 1778 1238 1844 -Violarii
1258 1801 1330 1844 auc·

184 1887 249 1952 tori
276 1890 407 1970 praesto
437 1885 550 1969 fuisse,
583 1884 702 1970 quippe
730 1906 862 1967 prorsus
886 1884 1047 1949 diversum
1077 1908 1150 1951 eum
1177 1885 1329 1951 habuisse

184 1993 392 2059 manifestum
424 1997 483 2057 est.
534 1991 626 2068 Quod
658 1993 685 2057 si
714 1997 799 2057 recte
827 1992 922 2057 nobis
951 1993 1133 2075 expositum
1161 1996 1224 2076 est,
1257 2015 1329 2058 cum

183 2123 347 2185 nunquam
367 2099 508 2165 codicem
526 2097 701 2164 Suidanum
717 2100 785 2164 sive
799 2099 917 2164 codicis
931 2098 1090 2164 familiam
1105 2100 1182 2165 talis
1192 2102 1330 2186 generis,
1344 2091 1346 2097 ’

183 2208 278 2293 quale
301 2208 336 2272 in
355 2206 501 2273 Violario
526 2210 690 2292 appareat,
714 2207 815 2272 fuisse
838 2211 981 2286 constet,
1004 2207 1058 2291 qui
1081 2229 1140 2272 nec
1163 2213 1329 2291 praestan·

181 2315 274 2381 tioris
300 2337 359 2380 nec
382 2314 551 2380 deterioris
580 2312 737 2378 librorum
766 2313 909 2380 familiae
942 2313 1050 2378 affinis
1074 2313 1162 2402 sic),
1190 2313 1328 2381 Violarii

184 2422 269 2487 vitae
293 2422 428 2486 mixtum
452 2422 561 2506 potius
586 2421 699 2486 offerre
727 2421 1021 2506 manuscriptorum
1046 2442 1146 2506 genus
1170 2421 1328 2508 videntur,

184 2529 269 2614 quod
293 2552 358 2594 non
377 2529 441 2594 nisi
463 2527 652 2594 correcturis
676 2527 803 2592 librarii
821 2528 871 2592 vel
896 2527 1103 2594 librariorum
1126 2533 1239 2594 natum
1258 2553 1328 2596 esse

187 2636 351 2703 concludo.

272 2744 378 2828 Atque
405 2744 470 2811 iam
502 2764 539 2807 eo
570 2743 715 2829 provecti
747 2765 871 2821 sumus,
902 2750 938 2807 ut
969 2746 1073 2808 totam
1103 2745 1328 2828 quaestionem

183 2852 350 2936 aliquanto
373 2850 586 2915 confidentius
610 2851 733 2915 solvere
757 2851 929 2935 possimus.
961 2849 1052 2927 Quod
1077 2851 1104 2914 si
1128 2872 1167 2915 ex
1190 2852 1327 2918 diversis

182 2957 420 3042 exemplaribus
448 2962 585 3040 textum,
619 2978 714 3040 quem
745 2957 925 3043 habebant,
958 2958 1119 3042 corrigere
1152 2959 1328 3024 studebant

181 3065 322 3149 librarii,
347 3088 410 3130 non
430 3062 547 3129 Suidae
566 3067 703 3147 textum,
727 3065 777 3128 cui
798 3065 957 3130 medelam
977 3067 1089 3131 afferre
1109 3067 1239 3131 omnino
1260 3089 1327 3132 non

181 3195 263 3257 opus
286 3171 398 3254 fuerit,
427 3171 462 3235 in
491 3170 640 3236 manibus
668 3171 821 3236 habuisse
849 3171 985 3256 putandi
1015 3177 1103 3256 sunt,
1132 3173 1186 3238 sed
1218 3174 1327 3261 alium,

182 3301 276 3364 quem
301 3301 372 3344 cum
397 3277 513 3343 Suidae
536 3277 643 3361 libris,
670 3279 858 3363 plerumque
882 3278 1110 3364 deterioribus,
1139 3303 1326 3367 comparan-

181 3392 229 3452 tes
254 3390 287 3450 et
310 3384 542 3469 discrepantias
567 3384 616 3449 vel
639 3384 772 3450 lacunas
801 3387 851 3450 vel
881 3387 998 3451 menda
1025 3388 1236 3453 observantes
1260 3390 1326 3454 iam

184 3516 299 3559 sanare
323 3497 434 3579 atque,
457 3493 512 3558 ubi
536 3513 670 3556 mancus
695 3493 867 3558 videbatur
890 3515 973 3578 esse,
1001 3493 1231 3560 additamentis
1256 3494 1327 3561 sui-

181 3601 273 3666 danis
300 3621 418 3685 augere
446 3602 662 3665 tentaverunt.
709 3598 779 3675 Quo
806 3599 908 3684 facto,
937 3601 1014 3685 quin
1042 3624 1140 3666 unum
1169 3603 1326 3687 epitomes

180 3707 402 3791 Hesychianae
426 3708 589 3792 exemplar
613 3729 632 3771 a
660 3706 758 3772 Suida
782 3706 978 3794 descriptum
1008 3710 1065 3794 sit,
1095 3710 1232 3775 alterum
1260 3708 1325 3796 (vel

180 3814 280 3896 idem)
305 3815 345 3879 ab
369 3814 527 3892 Eudocia‚
551 3814 636 3898 quod
661 3815 783 3880 incuria
806 3816 1013 3881 librariorum
1038 3817 1110 3900 plus
1140 3839 1242 3902 aequo
1270 3842 1326 3883 no·

181 3922 231 3986 bis
255 3923 462 3988 obscuratum
491 3943 560 3987 esse
588 3922 726 3988 maxime
751 3927 800 3988 est
828 3923 1014 4009 dolendum,
1042 3924 1189 4008 equidem
1216 3926 1325 3990 nullus

180 4027 300 4093 dubito.
346 4028 390 4093 Et
416 4029 496 4094 haec
523 4051 573 4093 res
604 4029 654 4093 vel
686 4051 723 4094 eo
754 4030 975 4114 confirmatur,
1006 4032 1091 4115 quod
1116 4032 1325 4111 Androclidis,

182 4134 263 4219 Lydi
292 4135 353 4213 fili,
383 4136 464 4200 duae
494 4137 528 4200 in
550 4134 696 4201 Violario
727 4141 875 4201 servatae
906 4141 983 4201 sunt
1012 4137 1098 4202 vitae
1127 4134 1173 4223 (p.
1199 4138 1260 4202 101
1290 4142 1322 4202 et

254 4404 278 4468 1)
299 4400 391 4465 Adde,
409 4401 484 4469 quod
504 4400 531 4454 in
552 4400 629 4456 nullo
649 4401 744 4456 codice
764 4401 956 4456 desiderantur
974 4401 1086 4458 articuli
1104 4402 1202 4457 literae
1221 4404 1256 4473 Ξ,
1275 4402 1323 4471 qui

180 4481 282 4535 desunt
296 4480 325 4533 in
336 4478 473 4547 violatio,
495 4481 568 4535 unde
583 4481 650 4536 olim
669 4501 754 4537 unum
769 4482 828 4537 eius
841 4481 940 4537 folium
954 4481 1126 4538 intercidisse
1142 4480 1273 4552 suspicor.
