3036 5114
197 333 264 397 244
672 337 866 396 APPENDIX.

196 494 336 584 μερικην
359 500 553 587 προσῳδίαν
571 498 626 565 καὶ
645 499 708 587 τὴν
727 497 913 587 καθολικὴν
934 498 1177 587 συνεγράψατο,
1195 497 1264 568 ὑπὸ
1286 506 1355 569 τοῦ

198 601 302 671 αὐτοῦ
326 601 570 692 αὐτοκράτορος
592 612 828 694 παρακληθείς.
872 597 1037 694 κάθολικὴ
1061 607 1099 674 δὲ
1122 609 1268 694 λέγεται,
1296 606 1353 676 ὅτι

196 706 260 777 άπὸ
293 712 551 798 μονοσυλλάβου
582 715 699 795 λέξεως
732 716 794 794 ἕως
824 714 1052 800 ἑξασυλλάβου
1079 714 1353 801 παραλαμβάνει.

196 817 233 883 ἐν
261 807 282 905 ᾗ
306 817 386 904 μετά
410 819 448 887 τὸ
471 820 554 907 πρὸς
581 820 723 909 Μάρκον
745 827 924 908 προοίμιον
949 821 1036 890 οὕτω
1059 820 1121 908 τὴν
1145 826 1351 914 προσῳδίαν

168 920 346 1012 οὸρίζεται.
394 928 460 1011 [καὶ
489 933 635 996 τοσαῦτα
663 930 724 1016 μὲν
755 935 833 1017 περί
857 955 891 997 τε
911 927 1137 998 Ἀπολλωνίου
1161 929 1217 997 καὶ
1236 926 1352 1016 Ἡρω-

196 1035 340 1117 διανοῦ.]

745 1184 794 1249 11.

526 1305 611 1373 ιιιι
633 1250 776 1375 οιιῖιιιι
799 1259 997 1373 Ρωιιιοιιι

286 1426 393 1519 Οὗτος
420 1435 438 1506 6
463 1445 671 1527 Πτολεμαῖος
698 1437 781 1508 κατά
809 1427 889 1520 τοὺς
912 1437 1098 1526 Ἀδριανοῦ.
1119 1439 1181 1526 μὲν
1208 1438 1346 1528 ἤνθησε

196 1542 354 1630 χρόνους,
383 1547 540 1631 διήρκησε
564 1547 602 1614 δὲ
626 1548 681 1614 καὶ
704 1549 799 1633 μέχρι
823 1545 968 1633 Μάρκου
990 1548 1044 1615 καὶ
1066 1543 1287 1633 Ἇντωνίνου,
1318 1539 1346 1634 ᾧ

195 1648 306 1740 χρόνῳ
339 1651 394 1716 καὶ
428 1650 581 1738 Γαληνὸς
613 1656 742 1741 ἰατρικῇ
776 1656 965 1738 διεφαίνετο
998 1653 1053 1721 καὶ
1080 1651 1290 1741 Ἡρωδιανὸς
1324 1651 1345 1723 6

57 1852 59 1856 Ι
157 1755 421 1844 ιογραμματικὸς
443 1760 498 1826 καὶ
512 1756 715 1846 Ἑρμογένης
740 1757 757 1827 6
779 1760 854 1848 περὶ
873 1761 988 1848 τέχνης
1005 1760 1137 1847 γράψας
1155 1763 1347 1849 ῥητορικῆς.

195 1867 326 1948 πρῶτος
349 1866 387 1933 δὲ
405 1864 484 1954 παρ’
498 1864 657 1954 Ἕλλησιν
681 1864 699 1935 6
725 1872 806 1948 Κίος
826 1870 1009 1953 Οἰνοπίδης
1027 1866 1083 1947 τάς
1102 1865 1347 1955 άστρολογικάς

83 1980 85 1983 ’
195 1974 365 2059 μεθόδους
389 1972 563 2061 ἐξήνεγκεν
587 1977 634 2053 είς
656 1976 799 2062 γραφήν.
837 1976 1029 2063 ἕγυωρίζετο
1050 1973 1087 2041 δὲ
1105 1973 1187 2042 κατά
1207 1974 1247 2042 τά
1265 1977 1345 2063 τέλη

195 2083 257 2146 τοῦ
280 2085 602 2168 Πελοποννησιακοῦ
629 2083 777 2168 πολέμου
805 2078 883 2149 καθ’
910 2076 952 2148 ὃν
978 2078 1098 2164 καιρδν
1121 2082 1176 2148 καί
1199 2088 1346 2170 Γοργίας

196 2183 214 2253 6
245 2186 358 2276 ῥήτωρ
386 2180 431 2275 ἦν
455 2189 510 2256 καὶ
534 2187 656 2274 Ζήνων
680 2187 697 2256 6
719 2185 872 2274 Ἐλεάτης
893 2188 949 2255 καὶ
968 2184 1161 2275 Ἡρόδοτος,
1188 2186 1234 2270 άς
1257 2196 1350 2259 ἔνιοί

158 2313 182 2352 1⁵
196 2298 362 2380 ῳασκν),
387 2292 404 2362 6
430 2293 611 2380 ἱστορικός,
636 2291 653 2360 6
673 2291 960 2381 Ἁλικαρνασσεύς.
1000 2293 1081 2382 μετὰ
1104 2293 1141 2362 δὲ
1163 2295 1224 2365 τὸν
1243 2301 1344 2365 Οίνο-

195 2405 298 2487 πίδην
323 2399 473 2482 Εὔδοξος
500 2402 552 2470 ἐπὶ
575 2399 777 2491 άστρολυγίῳ
805 2400 907 2483 δόξαν
930 2400 1114 2490 ἦνεγκε<ν>
1143 2400 1185 2470 οὐ
1207 2404 1344 2492 μικράν,

177 2506 412 2599 ,συνακμάσας
436 2507 592 2577 Πλάτωνι
619 2512 664 2600 τῷ
693 2508 871 2600 φιλοσόφῳ
900 2507 955 2576 καὶ
980 2514 1110 2599 Κτησίᾳ
1138 2513 1184 2601 τῷ
1211 2514 1344 2602 Κνιδίῳ

197 2615 349 2705 ἰατρικήν
371 2642 406 2686 τε
429 2613 589 2686 άσκουντι
613 2617 668 2684 καὶ
694 2620 841 2703 ίστορίας
863 2613 1105 2704 ἀναγράφοντι.

733 2816 804 2883 III.

641 2938 726 3006 vin
749 2939 896 3022 Oppiani

284 3071 459 3152 Ὀππιαυὸς
482 3069 546 3138 άπδ
571 3067 750 3157 Κωρύκου,
773 3070 901 3150 πόλεως
920 3077 1082 3157 Κιλικίας,
1106 3072 1229 3159 πατρὸς
1251 3072 1342 3160 εὐγε-

158 3210 185 3249 νο
198 3184 281 3259 νοῦς
302 3179 358 3246 καί
381 3181 545 3248 πλουσίου
568 3179 800 3264 ἐξορισθὲντος
822 3175 888 3245 ὑπὸ
911 3183 972 3246 τοῦ
995 3180 1167 3264 βασιλέως,
1192 3207 1341 3268 γραμμα-

197 3286 288 3368 τικὸς
310 3287 365 3356 καὶ
388 3283 543 3366 ἐποποιὸς
562 3287 614 3354 ἐπὶ
636 3284 780 3369 Μάρκου
795 3282 999 3354 Ἀντωυίνου
1017 3285 1175 3374 γεγονάς,
1198 3285 1282 3373 πρὸς
1301 3283 1343 3355 ὃν

199 3402 321 3486 ἔγραψε
348 3397 388 3465 τά
416 3398 537 3494 ἑαυτοῦ
565 3393 731 3482 ποιήματα
759 3384 958 3461 άλιευτικάν
984 3398 1099 3479 βιβλία
1124 3395 1236 3478 πέντε,
1263 3419 1342 3462 κυν-

198 3509 360 3592 ηγετικῶν
387 3510 499 3592 βιβλία
524 3502 569 3589 δ’,
598 3502 769 3584 ίξευτικάν
793 3501 835 3566 δ’.
882 3499 1086 3586 [ἐδωρήσατο
1111 3500 1273 3567 δὲταῦτα
1295 3503 1343 3591 τῷ

273 3711 284 3754 1
312 3698 447 3770 μετρικὴν
471 3701 539 3755 Par.
570 3695 724 3769 Ὁμηρικὴν
748 3699 823 3751 recte
849 3696 919 3750 coni.
948 3696 1077 3751 Θοαακαο
1174 3696 1224 3750 τοῦ
1252 3688 1342 3749 αὐτοῦ

200 3775 313 3848 αὖτοκρ.
330 3781 408 3849 Par„
427 3780 456 3834 in
476 3778 536 3834 cod.
552 3781 628 3849 Sylb.
647 3775 737 3832 αὐτοῦ
755 3777 869 3846 propter
887 3776 1063 3844 sequentium
1083 3776 1225 3848 literanum
1244 3773 1341 3828 simili-

200 3861 326 3916 tudinem
346 3861 449 3916 excidit
512 3866 529 3914 2
548 3856 675 3913 καθόλου
695 3858 755 3913 οοδ.
775 3857 850 3926 Sylb.
928 3862 943 3908 3
964 3851 1001 3918 άς
1021 3852 1095 3922 ἕξοιο.
1119 3856 1196 3922 Par„
1216 3852 1269 3918 ἕως
1287 3857 1343 3909 διο.

201 3942 278 4011 Sym.
351 3941 433 3996 ὁκαλ
455 3972 487 3981 -·
508 3941 553 3995 fin.
575 3956 629 3994 om.
649 3939 715 3993 Par.

271 4020 297 4075 ΙΙ
335 4027 349 4074 ’ί
369 4023 419 4074 τοῦ
439 4052 472 4061 -
492 4018 594 4091 χρόνον
613 4020 707 4075 Lente.
745 4016 879 4072 Hadriani
898 4017 1060 4071 memoriam
1080 4033 1134 4070 om.
1154 4015 1259 4070 Suidas

202 4107 235 4156 1ss
253 4097 437 4168 άστρολογίαν
457 4103 485 4154 et
503 4099 576 4155 infra
594 4095 732 4169 Κτησιάδι
752 4099 811 4153 cod.

271 4181 311 4237 111
343 4185 378 4235 20
396 4175 453 4233 άπὸ
473 4181 533 4236 cod.
566 4179 695 4235 Ceterum
715 4179 750 4234 cf.
761 4179 907 4234 Westerm.
928 4196 954 4247 p.
971 4183 1013 4247 64,
1028 4183 1044 4231 4
1059 4173 1093 4231 τά
1107 4173 1160 4246 μὲν
1174 4171 1245 4229 ἄλλοι
1258 4173 1344 4230 πλού-

201 4282 259 4325 σιος
282 4266 312 4318 οδ
336 4268 368 4317 13
393 4257 425 4317 ἐν
446 4260 481 4330 τῇ
504 4257 581 4332 νήσῳ
607 4292 639 4299 -
664 4255 795 4329 ἒξάρισεν
877 4279 978 4329 γραμμ.
1002 4257 1051 4311 καλ
1074 4251 1128 4326 ἔτι,
1151 4252 1273 4326 γεγονὸς
1296 4251 1344 4310 ἐπὶ

200 4349 241 4399 M.
258 4340 322 4398 Ἅντ.
344 4346 405 4417 βαι.
424 4341 529 4397 Suidas
585 4345 619 4393 23
639 4338 673 4404 ίξ.
693 4334 721 4410 β’
741 4334 858 4407 Suidas,
878 4338 1023 4393 librarium
1042 4335 1344 4407 propter'prnecedens

200 4421 230 4478 δ’
255 4439 361 4479 errasse
387 4425 469 4493 putat
487 4421 616 4489 Δαοβοίιί,
642 4419 676 4473 de
701 4418 829 4490 Oppiano
855 4427 943 4490 p.10;
970 4419 1115 4487 sequentia
1139 4434 1157 4470 ο
1183 4416 1344 4487 neglegenti

201 4504 305 4559 lectore
325 4505 422 4559 addita
441 4505 571 4559 videntur
612 4568 615 4572 ,
