3036 5114
205 303 226 364 2
426 274 430 285 '
670 305 882 361 fuissemus,

293 465 367 532 ΙΨ.
407 461 591 552 Ἀγαθίας
619 467 834 554 σχολαστικὸς
856 475 1062 555 Μνριναῖος,
1093 465 1110 535 6
1135 467 1266 555 γράψας
1287 494 1349 554 την

203 568 283 657 μετὰ
303 571 497 657 Προκόπιον
517 577 667 661 ίστορίαν
689 574 763 659 [τὸν
781 575 968 661 Καισαρέα,
992 573 1031 642 τά
1049 574 1130 642 κατά
1146 575 1349 662 Βελισάριον

203 679 257 745 καί
286 677 344 758 τὰς
372 681 408 747 ἐν
434 679 555 770 Ἰταλίᾳ
577 683 631 749 καὶ
656 684 692 749 ἐν
717 682 827 772 Λιβύη
851 681 999 769 πράξεις,
1027 684 1175 751 τουτέστι
1202 681 1241 750 τὰ
1267 680 1349 750 κατὰ

203 789 346 872 Ναρσην
369 788 406 854 ἐν
432 785 552 878 Ἰταλίᾳ
575 789 630 856 καὶ
657 787 697 857 τά
727 792 764 857 ἐν
788 791 910 878 Λαζικῇ
936 789 991 856 καὶ
1015 797 1210 882 Βνζαντίῳ].
1252 781 1350 868 οὗτος

176 893 360 972 οσυνίταξε
383 895 438 961 καὶ
462 895 556 980 ἕτερα
579 900 707 982 βιβλία,
732 896 874 984 ἔμμετρά
897 898 1009 964 τεκαὶ
1032 897 1281 986 καταλογάδην,
1308 883 1349 965 τά

203 1025 237 1066 τε
260 998 451 1087 καλούμενα
476 1001 657 1088 Δαφνιακά
681 1002 736 1070 καλ
759 989 820 1071 τὸν
842 1002 967 1072 κύκλον
991 1009 1058 1073 τῶν
1081 992 1168 1074 νέειν
1192 1008 1349 1093 ἐπιγραμ-

203 1107 331 1194 μάτων,
356 1103 397 1175 ὃν
420 1105 520 1189 αὐτὸς
540 1111 683 1195 συνῆξεν
702 1111 737 1176 ἐκ
755 1113 824 1178 τῶν
842 1108 924 1179 κατά
943 1111 1063 1200 καιρὸν
1082 1116 1239 1198 ποιητῶν.
1269 1133 1348 1181 συν-

202 1214 328 1302 ηκμασε
348 1214 385 1283 δὲ
405 1215 530 1306 Παύλῳ
553 1219 599 1308 τῷ
619 1221 839 1307 Σιλεντιαρίῳ
858 1218 913 1286 καλ
937 1223 1139 1310 Μακεδονίῳ
1163 1223 1208 1310 τῷ
1235 1217 1348 1310 ὑπάτῳ

203 1324 258 1390 καλ
285 1327 504 1414 Τριβωνιανῳ
529 1324 581 1391 ἐπὶ
606 1328 672 1392 τῶν
692 1322 936 1393 Ἰονστινιανοῦ
959 1323 1101 1413 χρόνων.

164 1449 190 1490 ¹⁰
292 1433 367 1499 IVb.
402 1428 596 1518 Ἀγάθων,
619 1436 805 1522 τραγῳδίας
827 1431 977 1519 ποιητής,
1002 1437 1049 1513 είς
1075 1438 1241 1520 μαλακίαν
1265 1453 1346 1501 σκω-

201 1537 364 1625 πτάμενος
384 1533 615 1626 Ἀριστοφάνει
638 1565 683 1630 τῳ
708 1538 896 1628 Γηρυτάδῃ.
942 1532 984 1626 ἦν
1013 1540 1050 1608 δὲ
1077 1545 1266 1629 Τισαμενοῦ
1287 1544 1349 1610 τοῦ

200 1642 383 1731 Ἀθηναίου
405 1644 495 1732 υἱός,
523 1642 660 1713 παιδικά
687 1644 834 1732 γεγονὼς
862 1651 1063 1714 Παυσανίου
1090 1652 1150 1715 τοῦ
1178 1650 1349 1735 τραγικοῦ,

89 1768 117 1799 ¹
202 1749 279 1839 μεθ’
306 1743 347 1819 οὗ
370 1750 455 1839 πρὸς
474 1751 651 1841 Ἀρχέλαον
678 1751 738 1822 τὸν
761 1751 953 1839 βασιλέ”α
927 1780 1045 1845 ῳχετο,
1073 1751 1132 1843 ᾡς
1134 1750 1349 1844 Μαρσύαςὸ

202 1859 372 1948 νεώτερος.
418 1862 577 1948 [ἐμιμεῖτο
607 1857 706 1927 δὲ
671 1886 733 1947 την
762 1859 953 1947 κομψότητα
975 1888 1034 1947 της
1061 1864 1179 1944 λέξεως
1202 1866 1349 1949 Γοργίου

131 1980 133 1985 ’
164 1982 190 2022 ¹⁵
204 1971 266 2036 τοῦ
288 1968 454 2056 ῥήτορος]

289 2078 330 2146 V.
359 2075 540 2163 Ἀγάπιος
559 2074 739 2163 Ἀθηναῖος
757 2075 960 2164 φιλόσοφος,
979 2074 1059 2164 μετὰ
1075 2076 1234 2164 Πρόκλον
1253 2075 1348 2146 άποι-

201 2183 346 2272 χόμενον
369 2183 435 2253 ὑπὸ
451 2190 612 2277 Μαρίνῳ,
636 2180 673 2264 ὃς
696 2183 899 2272 ἐθαυμάζετο
919 2184 970 2252 ίπλ
989 2189 1179 2276 ῳιλομαθίῳ
1194 2184 1249 2252 καλ
1267 2183 1348 2252 άπο·

99 2327 151 2375 ¹3.
201 2294 285 2379 ριῶν
308 2297 459 2381 προβολῇ
483 2290 735 2379 δυσεπηβόλων.

274 2453 330 2507 1v⁰
349 2453 424 2508 Eua.
443 2473 470 2524 p.
496 2460 553 2510 101.
586 2453 625 2508 cf.
647 2453 732 2508 schol.
753 2452 866 2507 Anthol.
885 2453 943 2509 Pal.
963 2452 1084 2522 (Iacobs,
1104 2454 1188 2508 Anth.
1204 2453 1242 2507 Vi
1258 2471 1285 2522 p.
1300 2452 1348 2520 L1;

202 2533 323 2588 Dindorf
339 2554 366 2604 p.
381 2534 469 2604 XIXJ:
487 2529 644 2603 Ἀγαθίον
660 2534 842 2603 σχολαστικοῦ
858 2527 984 2588 Ἀσιανοῦ
1001 2534 1176 2600 Μνριναίου,
1195 2528 1229 2587 νά
1244 2531 1348 2600 στέφα-

201 2635 261 2685 νος,
280 2610 350 2669 ἀλλὰ
371 2611 518 2684 συναγωγὴ
538 2613 611 2668 νέαν
631 2609 855 2684 ἐπιγραμματων.
892 2607 1020 2683 ἤκμασεν
1039 2608 1069 2666 δ’
1084 2605 1167 2674 οὗτος
1185 2607 1201 2666 6
1219 2607 1349 2681 Ἀγαθίας

202 2694 249 2750 ἐπὶ
265 2692 465 2751 Ἰονστινιανοῦ
484 2695 534 2749 τοῦ
555 2690 686 2763 μεγάλου.
720 2692 847 2763 ἔγραψεν
865 2691 897 2747 δὲ
917 2692 966 2747 καλ
985 2689 1109 2762 λστορίαν
1127 2691 1175 2748 καλ
1194 2688 1229 2745 τά
1249 2687 1349 2746 ἐπονο-

201 2771 345 2845 μαζόμενα
368 2769 533 2842 Δαφνιακά,
570 2770 676 2840 ἔγραψε
703 2770 735 2826 δὲ
763 2775 853 2829 ταῦτα
880 2769 1078 2843 ἐπιγράμματα
1102 2769 1172 2843 πρὸς
1198 2767 1350 2840 Θεόδωρον

201 2859 393 2924 Δεκονρίωνα.
436 2853 570 2907 Tractant
589 2851 728 2919 Niebuhr,
751 2856 836 2923 praef.
874 2853 994 2922 Teuffel,
1018 2853 1135 2909 Studien
1158 2872 1186 2923 p.
1206 2860 1257 2908 237
1277 2870 1348 2921 seq.;

201 2936 331 3003 Dindorf,
354 2934 418 2989 hist.
443 2934 508 2987 min.
529 2933 598 3001 Hp
617 2932 655 2986 XI
675 2949 730 3002 seq.
825 2943 835 2988 l
863 2931 1041 3003 σχολαστικὸς
1063 2936 1095 2988 in
1117 2935 1218 2990 λασιικα
1241 2935 1305 2988 add.
1326 2937 1348 2985 Δ

200 3035 273 3071 αισα.
294 3017 336 3068 ΙΙ
371 3017 565 3083 Σμυρηναίος,
588 3030 661 3066 imus
681 3015 748 3067 Par.
769 3015 864 3074 Πανί..
882 3019 1050 3084 Μυρηναιος
1066 3018 1148 3069 ΔΒΕ.
1186 3017 1348 3084 Σμυρναῖος

199 3099 280 3183 βολον.
305 3096 371 3148 libri
394 3097 423 3147 et
446 3094 535 3161 Μ’,υιλ
559 3109 627 3147 corr.
651 3094 788 3148 insisteres
812 3095 875 3150 coll.
899 3095 1016 3164 praefat.
1042 3095 1137 3150 histor.
1159 3095 1261 3165 Ageth.
1285 3091 1348 3162 ἐμολ

109 3194 115 3203 ·
199 3162 330 3244 Ἀγαθίας
348 3171 401 3243 μὲν
418 3168 521 3243 ὄνομα,
541 3177 655 3243 Μνρίνη
670 3173 701 3228 δε
717 3176 827 3241 πατρίς;
847 3175 1027 3242 Μνριναιος
1019 3193 1048 3229 111
1063 3175 1123 3232 cod.
1138 3174 1276 3231 Vaticano
1290 3174 1365 3243 legi⁰

201 3257 325 3310 πολιτην
345 3254 437 3309 locum
455 3253 566 3308 notavit
584 3254 737 3347 Ιόοτεοριιε
809 3253 894 3308 λιὸν
913 3253 1112 3324 Καιοαρὲα-
1133 3258 1274 3327 Βυζαντίῳ
1293 3273 1347 3311 om.

200 3338 289 3401 λιήιιιί
311 3336 406 3403 itaque
427 3333 560 3404 expunxi,
579 3329 612 3386 τὰ
628 3330 700 3387 κατὰ
717 3331 928 3402 Βελισάριον-
945 3333 1062 3405 πράξεις
1080 3336 1157 3391 uncis
1176 3337 1350 3392 secluserunt

201 3417 380 3485 Bernhardy,
403 3415 508 3469 Βελίαν
604 3419 620 3467 ὃ
644 3411 797 3479 συνέταξεν
820 3419 842 3467 Δ
865 3414 999 3481 συνέταξε
1027 3417 1077 3471 καλ
1105 3415 1227 3488 ἔμμετρα
1256 3418 1349 3488 βιβλία

202 3498 250 3552 καλ
269 3501 365 3552 καταλ
384 3497 458 3551 Eud.
555 3487 629 3549 ’λάν
648 3489 734 3556 αὐτὸς
752 3491 865 3565 α’ἰιλρ.
851 3515 884 3549 ον
908 3491 995 3559 αὐτὸς
1014 3501 1088 3549 ΔΒΕ
1187 3491 1347 3566 σννήκμασε

201 3578 232 3633 δε
249 3583 322 3631 ΔΒΕ
342 3578 417 3633 Eud
441 3575 585 3632 revocavit
603 3575 737 3641 Gaissord
791 3573 888 3644 οννήκ.
907 3576 955 3631 καλ
974 3578 1045 3648 wip.
1125 3577 1348 3644 8Σελευτιαρίω

206 3660 281 3714 scs.
301 3679 326 3714 v.
349 3654 540 3730 Τριβωνιανός
558 3657 620 3710 Σιδ.

274 3739 330 3792 lvi
350 3740 422 3793 Τολα
436 3738 495 3793 vita
515 3737 631 3791 accessit
645 3754 678 3790 ex
694 3737 779 3792 schol.
800 3735 908 3809 Platon.
928 3737 966 3791 Vl
985 3757 1012 3808 p.
1029 3744 1079 3792 λοῦ
1098 3738 1193 3792 Herm.
1213 3737 1348 3806 (Cramer,

202 3821 304 3876 Anecd.
331 3819 417 3874 Oxon.
438 3819 476 3873 lV
495 3837 521 3888 p.
537 3820 612 3886 269),
634 3835 804 3886 quamquam
824 3833 858 3870 ea
875 3816 966 3872 forma
988 3819 1024 3873 ab
1042 3819 1182 3887 Hesychio
1200 3834 1257 3872 non
1275 3833 1348 3871 com-

202 3903 322 3971 posibam
345 3917 404 3954 esse
427 3901 512 3968 patet.
552 3898 690 3966 Hesychio
710 3895 883 3953 abiudicavit
900 3897 1050 3965 Mettensi,
1073 3899 1108 3952 de
1132 3890 1218 3952 schol.
1238 3896 1347 3950 Platon.

201 3983 270 4036 font.
284 4000 310 4050 p.
323 3986 364 4036 60.
384 3977 486 4033 Omisit
500 3978 612 4044 ὃιιίιλοε,
629 3977 678 4045 qui
693 3978 778 4032 schol.
793 3980 839 4031 Ar.
854 3977 924 4031 lien.
940 3982 973 4032 83
984 3995 1040 4047 seq.
1055 3976 1210 4048 descripsit.
1231 3977 1349 4032 'Prasiai

205 4062 350 4127 Welcker,
369 4060 414 4113 Gr.
434 4057 592 4127 Tragsdien
611 4075 636 4126 p.
657 4064 707 4112 981
728 4062 785 4112 noi.
807 4065 820 4112 1
841 4062 870 4112 et
888 4064 904 4111 4

272 4142 293 4194 V
324 4141 399 4195 Ειιιλ.
428 4157 455 4209 p.
482 4144 524 4191 93.
559 4136 599 4190 Ex
631 4154 686 4191 uno
711 4139 820 4208 Agapio
848 4138 937 4230 (euius
969 4138 1098 4192 meminit
1124 4136 1287 4191 Damascius
1319 4137 1347 4190 in

202 4226 283 4280 Phot.
302 4222 369 4277 bibl
393 4239 420 4290 p
440 4219 502 4285 352)
527 4217 596 4271 duos
619 4217 708 4271 factos
731 4236 788 4273 esse
812 4218 871 4275 veri
894 4217 996 4283 simile;
1020 4218 1116 4286 itaque
1139 4216 1253 4270 difficile
1276 4215 1347 4269 iudi-

203 4309 280 4374 catu,
304 4303 397 4374 quid'
389 4320 417 4355 ιο
436 4299 480 4352 his
504 4297 938 4367 vitts11idaeisdebeatur,0um
961 4297 1082 4389 plurimis
1104 4296 1272 4365 Hespchium
1292 4312 1348 4349 non

203 4387 344 4458 scripsisse
363 4379 541 4437 manifestum
560 4378 598 4431 sit
661 4383 692 4430 16
710 4373 798 4446 Ἀγάπ.
819 4373 921 4443 ὁφιλ,
938 4372 1029 4444 Ἆθην.
1048 4371 1079 4429 τὸ
1099 4373 1226 4444 γένος
1199 4376 1275 4430 Eud.

206 4474 237 4522 17
257 4467 393 4535 Μαρίνων
388 4466 430 4513 Δ
452 4461 569 4528 Μαρίνιι
562 4453 628 4511 ὧν
648 4458 672 4503 (ι’
676 4463 704 4507 ιι
694 4459 808 4509 <chuni
863 4458 1076 4525 φιλομαβεῖαΔ
1095 4455 1141 4508 καὶ
1163 4473 1216 4509 om.
1237 4458 1309 4511 Amr.
