3036 5114
505 296 508 303 ¹
600 336 812 393 mmms
1210 331 1275 394 m

129 506 216 591 λέγει
250 501 356 589 ἄτομα
384 501 446 587 μέν
473 498 559 569 εἶναι
586 497 625 567 τὰ
654 497 754 587 κύρια
782 495 945 585 ὀνόματα,
978 492 1141 582 θεματικὰ
1171 494 1208 560 δὲ
1235 491 1275 560 τὰ

129 608 373 699 προσηγορικά,
402 606 554 696 ολδέματα
584 606 620 675 δὲ
643 604 683 674 τὰ
707 604 892 694 μετοχικαᾞ,
920 604 995 691 περὶ
1017 607 1076 690 τῆς
1094 599 1278 687 Ῥωμαϊκῆς

130 719 320 799 διαλέκτου,
354 713 405 783 ὅτι
432 720 522 782 ἔστιν
546 714 581 781 ἐκ
608 717 668 800 τῆς
689 709 883 799 Ἑλληνικῆς
909 708 1006 779 κὀῦκ
1034 705 1219 794 αὐθιγενής
1243 705 1277 794 [ἡ

126 822 291 912 Ῥωμαϊκή
320 822 521 907 διάλεκτος],
553 818 604 890 ὅτι
632 824 866 908 διαφωνοῦσιν
895 821 929 887 oi
956 817 1113 905 νεώτεροι
1144 816 1278 902 ποιηταὶ

130 931 213 1021 πρὸς
232 929 394 1020 Ὅμηρον,
427 928 583 1016 ἐξήγησιν
614 932 675 997 τοῦ
708 933 944 1015 Τυραννίωνος
976 927 1154 1012 μερισμοῦ,
1188 920 1305 1009 διόρο

133 1050 243 1107 θωσιν
262 1036 457 1126 Ὁμηρικήν,
482 1034 727 1126 ὀρδογραφίαν.

221 1146 390 1216 Dcccxl.
431 1150 667 1230 Τυραννίων
695 1141 892 1230 Μεσσήνιος
919 1139 1114 1230 φιλόσοφος.
1163 1142 1280 1207 οίωνο-

132 1253 272 1324 σκοπικῦ
302 1256 340 1322 ἐν
367 1257 510 1339 βιβλίοις
534 1251 578 1338 γ’.
616 1251 687 1342 Ικαὶ
710 1250 794 1319 ἄλλα
819 1251 857 1319 δὲ
878 1256 993 1339 βιβλία
1016 1248 1121 1317 αὐτοῦ
1144 1248 1280 1337 φέρεται

132 1362 308 1450 mma

221 1361 406 1537 DOiJOXlI.
448 1465 651 1554 Τύραννος
680 1465 850 1552 σοφιστής.
891 1464 966 1553 περλ
998 1463 1162 1548 στάσεων,
1196 1467 1280 1530 διαι-
1296 1481 1321 1523 ιο

135 1579 256 1665 ρέσεως
278 1575 383 1662 λόγου
405 1579 519 1661 βιβλία
542 1572 578 1643 ι’.

222 1683 426 1752 DOCOXIII.
468 1687 660 1769 Τυρταῖος
686 1676 945 1767 Ἀρχεμβρότου,
975 1676 1097 1747 Λάκων
1125 1672 1146 1764 ἢ
1172 1675 1281 1764 Μιλή·
1308 1734 1310 1738 .
1340 1725 1342 1729 -

134 1813 223 1875 οιος,
247 1785 466 1876 ἐλεγειοποιὸς
488 1787 544 1854 κοιλ
568 1783 724 1874 αὐλητής,
748 1782 789 1855 ὃν
813 1785 912 1872 λόγος
934 1799 1004 1866 τοῖς
1026 1787 1137 1874 μέλεσι
1161 1783 1283 1874 χρησά-

57 1927 119 1967 aas
135 1923 238 1984 μενον
268 1898 476 1984 παροτρῦναι
505 1898 793 1982 Λακεδαιμονίους
819 1897 1048 1982 πολεμοῦντας
1076 1896 1284 1978 Μεσσηνίοις

136 2006 190 2072 καλ
213 2004 314 2094 ταῦτη
334 2002 624 2091 ἐπικρατεστέρους
642 2005 788 2088 ποιήσαι.
830 2006 899 2070 ἔστι
918 2001 955 2070 δέ
972 2008 1181 2087 παλαίτατος,
1206 1999 1282 2096 σύγ·
1298 2021 1323 2063 ιο
1370 1990 1465 2057 lle-s·

137 2139 256 2212 Wpc
283 2125 353 2192 τοῖς
381 2110 410 2193 ζ’
440 2118 594 2196 κληθελσι
625 2122 745 2194 σοφοῖς
776 2104 796 2195 ἢ
824 2109 879 2176 καὶ
908 2116 1113 2198 παλαίτερος,
1162 2090 1283 2196 inpage
1319 2102 1325 2163 η
1376 2094 1428 2131 ια.

60 2239 96 2287 οε
135 2223 220 2305 γοῦν
248 2221 330 2288 κατὰ
362 2218 423 2307 τήν
454 2218 501 2287 λε’
532 2215 731 2305 ὀλυμπιάδα.
777 2222 900 2305 ἔγραψε
927 2223 1098 2287 πολιτείαν
1121 2220 1283 2284 Λακεδαι·

135 2330 266 2414 μονίοις
299 2327 354 2416 καὶ
390 2324 563 2413 ὑποθήκας
593 2322 639 2392 δι’
670 2326 814 2412 ἐλεγείας
848 2325 904 2393 κοιλ
934 2326 1016 2413 μέλη
1045 2323 1283 2414 πολεμιστήρια
1383 2336 1440 2375 2¹¹³*

56 2480 67 2511 s
159 2462 171 2502 ι
195 2440 249 2502 λία
274 2434 312 2502 ε’.

58 2488 99 2526 '⁴⁹⁴
137 2439 195 2520 ll
225 2543 425 2612 ccccxiv.
447 2539 606 2610 ‘naseu
629 2538 650 2628 ἡ
673 2538 807 2618 aravos
825 2543 886 2609 τοῦ
908 2542 1098 2629 γεωμέτρου
1119 2540 1284 2628 aedua
1298 2562 1325 2603 ν
1401 2565 1485 2603 u...

140 2719 352 2727 ——-

209 2836 225 2883 3
248 2830 335 2884 verba
353 2827 517 2899 corruptelis
536 2825 684 2895 inquinata
701 2826 779 2893 sunt;
800 2821 831 2881 έιι
851 2828 901 2883 τοῦ
922 2821 1092 2897 Ἀντιγένους
1111 2819 1155 2881 ὅτι
1172 2821 1285 2895 Ἀντιγέ·

62 2923 76 2933 ·
138 2930 187 2980 γης
200 2914 283 2976 ARV,
304 2911 351 2965 ubi
371 2904 414 2964 ὅτι
425 2926 481 2978 seq.
497 2909 665 2979 glossemate
680 2904 757 2962 vocis
771 2900 940 2977 Ἀντιγένους
955 2924 1015 2962 esse
1029 2909 1121 2964 ortum
1139 2909 1225 2977 patet,
1241 2900 1285 2962 ὅτι

137 2986 285 3061 ἄρτιγενὴς
306 2987 416 3061 ήῬωμ.
436 2993 508 3045 διαλ.
527 2989 574 3043 vir
593 2987 777 3058 probabiliter
796 2989 918 3046 tentavit
934 2989 1068 3056 Gaissord
1085 2982 1116 3042 α’
1137 2983 1190 3042 οῦν
1209 2985 1285 3042 otac-

138 3067 223 3140 γενὴς
241 3073 312 3127 coni.
329 3073 467 3138 Westenn.
487 3065 515 3124 κ’
536 3063 588 3124 οῦκ
611 3065 768 3140 αὐθιγενής
788 3072 894 3127 Ρλααιν
912 3072 941 3126 et
958 3069 1067 3136 Belide,
1090 3069 1164 3138 quod
1183 3065 1284 3138 recepi.

138 3151 214 3205 Duas
233 3151 465 3221 interpolationes
490 3144 523 3204 έν
544 3150 594 3204 τοῦ
614 3144 786 3218 αῦτογενοῦς
809 3155 839 3206 et
862 3144 906 3206 ὅτι
925 3145 987 3206 arie.
1007 3167 1043 3206 so.
1064 3145 1140 3205 ἐστίν
1158 3149 1287 3219 agnoscit
1310 3178 1318 3215 γ

139 3231 238 3296 Dant,
257 3224 428 3299 αὖτογενοῦς
445 3231 474 3284 et
488 3229 549 3300 ipse
563 3229 737 3285 conieceram
791 3226 808 3301 ἡ
825 3226 907 3301 Ῥωμ.
921 3235 991 3287 διαλ.
1008 3232 1178 3303 glossemate
1192 3233 1284 3285 ortum

210 3309 341 3382 Deccxi
372 3315 387 3364 ’λ
407 3303 424 3379 ἦ
443 3311 510 3379 post
530 3313 595 3378 Τνρ.
615 3311 680 3365 add.
695 3314 772 3364 AVB
794 3314 960 3382 Τυραννίων
979 3311 1040 3382 μέν,
1059 3306 1220 3379 Μεσσήνιος
1238 3311 1286 3378 φί-

139 3394 185 3454 λος
200 3395 258 3446 aul.
325 3396 342 3444 8
361 3390 410 3444 καλ
429 3387 499 3445 ἄλλα
518 3406 575 3460 seq.
594 3391 630 3445 ad
644 3391 860 3461 grammaticum
880 3393 973 3462 potius
987 3390 1106 3446 reiciunt
1119 3390 1286 3462 Bernhardy

142 3474 171 3526 et
189 3471 274 3525 Daub

211 3549 356 3604 DCCOXll
394 3556 427 3603 10
446 3548 609 3620 διαιρέσεως
627 3556 649 3603 Δ
668 3551 733 3622 περὶ
751 3556 835 3623 διαιρ,
855 3559 929 3606 BVB
949 3552 998 3607 καλ
1016 3556 1099 3621 διαιρ.
1119 3551 1168 3606 rel.

210 3631 368 3688 ccccxlii
386 3630 426 3685 cf.
442 3632 548 3702 Bergk,
566 3631 644 3687 Poet
659 3633 709 3704 lyr.
725 3653 752 3704 p.
764 3640 814 3689 393
825 3652 882 3705 aeq.
902 3633 1035 3690 Eiusdem
1049 3632 1139 3688 vitam
1153 3650 1170 3687 a
1184 3634 1284 3689 Proelo

139 3714 295 3769 enarratam
315 3712 439 3768 servavit
460 3713 548 3769 schol.
568 3712 676 3769 Platon.
696 3713 734 3768 Vl
753 3734 779 3784 p.
796 3720 860 3770 375:
885 3711 900 3771 ὁ
923 3720 1005 3786 Τυρτ.
1031 3706 1114 3779 οὖτος
1135 3710 1282 3786 Ἀθηναῖος

140 3790 265 3863 ἐγένετο,
290 3790 402 3864 εὐτελής
421 3792 472 3863 τήν
490 3790 589 3863 τέχην·
609 3791 817 3864 γραμματιστὴς
834 3791 889 3866 γὰρ
908 3787 944 3866 ήν
968 3795 1017 3851 aul
1035 3794 1122 3867 χωλὸς
1144 3794 1177 3853 τὸ
1197 3799 1286 3868 σῶμα,

139 3869 408 3945 καταφρονούμενος
427 3869 458 3929 ἐν
475 3868 614 3944 Ἀθήναις.
651 3874 751 3929 τοῦτον
770 3878 1006 3947 Λακεδαιμονίοις
1028 3874 1144 3947 ἔχρησεν
1163 3873 1178 3931 δ
1195 3873 1287 3933 Ἀπόλ-

140 3959 195 4009 λων
213 3952 457 4025 μεταπέμψασθαι
476 3956 528 4010 eto.
609 3959 641 4009 12
661 3956 700 4010 sic
718 3961 792 4009 ΠΕ
810 3951 925 4031 Ἀρχιμβ.
944 3959 1015 4028 νιιλμ.
1101 3958 1286 4014 reuelante

140 4031 228 4105 ταύτῃ
247 4038 322 4087 BVB
341 4035 407 4088 ante
425 4035 618 4104 πολεμοῦντας
636 4035 685 4090 rel.
754 4044 786 4091 16
805 4036 846 4092 De
864 4040 957 4092 aetate
977 4038 1011 4095 cf.
1031 4057 1056 4095 v.
1077 4036 1211 4111 Δράκων,
1231 4042 1267 4096 al.

141 4121 173 4168 17
197 4117 341 4169 πολιτείαν
365 4133 447 4184 quam
471 4115 521 4170 alii
544 4110 690 4187 Εὐνομίαν
713 4117 823 4185 dieunt,
847 4116 883 4174 al.
901 4134 959 4172 non
980 4117 1120 4176 diversam
1142 4121 1227 4176 fuisse
1250 4122 1286 4175 ab

140 4190 302 4262 ὑποθήκαις
320 4194 432 4263 putavit
444 4195 611 4268 Bernhardy
629 4195 679 4251 καλ
697 4194 785 4254 ῦποδ.
795 4201 1033 4269 Λακεδαιμονίοις
1051 4201 1194 4272 eleganter
1214 4199 1284 4255 coni.

140 4275 300 4330 Gatschmid
378 4281 411 4329 18
435 4271 474 4329 δι’
501 4271 625 4346 ἐλεγείας
647 4280 683 4334 ad
705 4278 917 4351 inscriptionem
941 4283 1095 4336 carminum
1117 4281 1229 4337 rettulit
1253 4283 1284 4335 0.

143 4355 579 4427 mmmmammr
1125 4389 1137 4421 .

213 4435 371 4493 DCGCXIV
393 4437 495 4492 Totam
513 4437 601 4494 vitam
619 4455 636 4493 a
651 4440 800 4499 Damascio
815 4445 937 4515 pendere
951 4443 1010 4499 veri
1025 4441 1115 4497 simile
1131 4444 1181 4498 est.
1210 4444 1285 4499 Non-

141 4517 219 4572 nulla
243 4516 417 4587 deprompsit
441 4518 687 4593 Pseudo-Hesyclr.
712 4540 735 4578 ο.
755 4529 799 4579 39.
835 4524 982 4580 Diversum
1009 4540 1068 4580 esse
1094 4523 1130 4580 ab
1154 4523 1286 4595 Hypatia,
