3036 5114
582 327 865 387 eaouaeouurm.
1234 322 1319 404 um·

151 521 218 564 uon
238 497 384 585 exstet.¹)
421 499 489 564 Neo
509 498 615 563 minus
639 496 785 580 dubium,
808 517 885 560 uum
904 492 1106 559 Eustathii
1125 491 1295 578 Epipha-

150 605 298 691 uiensis
327 604 495 671 Chronicis
526 602 657 691 (quibus
687 625 738 668 res
770 603 810 667 ab
841 603 951 667 Aenea
978 605 1088 686 gestae
1123 622 1222 684 usquc
1255 599 1295 663 ad

150 714 363 778 Anastasium
387 714 615 797 imperatorem
639 707 903 796 continebantur)
927 708 1108 792 Hesychius
1138 731 1215 773 usus
1244 708 1296 787 sit,

151 842 232 904 quae
251 821 348 905 paulo
367 824 443 904 post
461 819 600 883 Malalae
620 818 749 903 saepius
769 821 897 900 praesto
916 817 1061 899 fuerunt,
1085 816 1236 899 quoniam
1257 835 1295 878 ex

150 926 343 1011 fragmentis
367 929 408 992 ab
428 927 554 994 Manet.
573 926 621 991 IV
639 948 668 1011 p.
687 926 747 991 138
768 947 833 1010 seq.
852 923 996 989 collectis
1020 921 1138 1024 dehac
1162 944 1195 985 re
1215 921 1296 985 nihil

152 1034 332 1100 edocemur.

241 1160 288 1224 De
313 1161 386 1224 aliis
410 1159 563 1243 fontibus,
587 1163 760 1244 postquam
783 1158 869 1223 viam
895 1156 1101 1221 muniverunt
1120 1154 1295 1220 Schneider
1320 1156 1380 1236 §9

152 1272 184 1332 et
208 1266 437 1345 Wachsmuth,
466 1267 645 1350 disputavit
671 1266 780 1350 Daub,
808 1266 846 1331 de
876 1263 963 1329 Suid.
990 1287 1020 1348 p.
1044 1264 1106 1327 431
1132 1285 1211 1348 seq,
1242 1263 1296 1348 qui

151 1374 318 1439 duodecim
344 1373 520 1438 Philonis
550 1372 650 1438 libros
676 1371 751 1457 ιιερὶ
774 1370 918 1456 κτήσεως
941 1374 1082 1453 βιβλίων
1106 1372 1141 1435 iu
1161 1371 1295 1455 quadra·

152 1482 243 1565 ginta
266 1480 332 1545 fere
356 1481 430 1545 vitis
454 1484 620 1545 auctorum
646 1481 741 1565 primi
765 1480 885 1545 saeculi
908 1502 939 1563 p.
961 1476 1019 1544 Ch.
1042 1478 1207 1543 adhibitos
1226 1501 1296 1543 esse

153 1588 334 1672 suspicatus
363 1591 421 1652 cst.
467 1587 639 1653 Praeterea
667 1591 774 1652 autem
803 1588 841 1653 de
870 1587 974 1652 altero
1004 1609 1130 1673 quoque
1154 1587 1296 1653 eiusdem

153 1695 270 1759 aetatis
289 1695 378 1759 fonte
398 1695 569 1779 cogitavit,
592 1694 631 1759 de
651 1694 855 1780 Hermippi
880 1693 1033 1779 Berytii
1056 1692 1130 1777 περὶ
1150 1691 1296 1772 ἐνδόξων

152 1795 290 1884 ἀνδρῶν
308 1823 418 1886 opere,
441 1802 531 1866 cuius
551 1803 634 1868 libro
654 1803 767 1888 quinto
790 1803 844 1886 agi
863 1801 1038 1866 affirmavit
1055 1799 1130 1885 περὶ
1149 1798 1297 1880 ἐνδόξων

153 1909 286 1992 ἰατρῶν.
323 1909 466 1984 Quorum
487 1913 638 1974 neutrum
662 1913 748 1974 recte
772 1931 806 1973 se
830 1908 949 1973 hebere
974 1929 1076 1991 neque
1099 1907 1222 1973 idoneis
1246 1930 1297 1972 ar·

153 2016 316 2099 gumentis
335 2015 465 2099 probari
486 2038 581 2100 posse
600 2016 666 2080 dixi
686 2016 802 2081 Annal.
822 2014 899 2100 phil.
919 2015 1001 2080 1880
1019 2038 1050 2099 p.
1065 2015 1204 2099 829seq.
1228 2015 1296 2081 Nec

152 2123 259 2187 minus
274 2122 449 2207 Telephi,
469 2122 627 2189 Hadriani
642 2124 794 2208 aequalis,
809 2118 965 2207 βιβλιακὴ
983 2120 1144 2205 ἐμπειρία,
1159 2122 1297 2189 Damo-

152 2229 254 2313 phili
282 2226 494 2313 φιλόβιβλος,
523 2229 660 2295 Sorani
688 2229 857 2295 iunioris
885 2231 954 2312 βίοι
985 2229 1108 2312 ἰατρῶν
1139 2235 1296 2314 tanquam

152 2334 309 2420 Hesychii
332 2336 438 2401 fontes
463 2337 640 2427 reiciendus
663 2359 734 2402 esse
758 2337 866 2420 docui,
890 2336 1007 2421 quippe
1032 2337 1086 2421 qui
1105 2337 1195 2402 nullo
1214 2337 1296 2401 vita·

153 2465 224 2507 rum
244 2444 314 2508 loco
334 2443 375 2507 ab
390 2442 553 2528 Hesychia
572 2444 752 2509 laudentur.
785 2444 909 2509 Deinde
928 2443 1012 2508 idem
1031 2443 1069 2508 de
1085 2442 1172 2510 Suid.
1186 2468 1216 2529 p.
1230 2445 1295 2510 468

153 2570 191 2612 ex
205 2548 249 2634 gl.
260 2544 471 2633 Ἀριστείδης,
484 2544 667 2632 Ἀδριανός,
676 2544 1017 2639 ⁸murrhatos,‘Hpco'dug
1027 2551 1067 2616 al.
1077 2550 1196 2616 librum
1211 2550 1297 2637 quod

152 2653 439 2739 ἐιτιδεντέρους
458 2653 628 2742 ῥήτορας
646 2652 741 2722 κατὰ
761 2653 932 2741 χρόνους
946 2658 1241 2742 comprehenderet,
1255 2659 1297 2723 ab

153 2760 319 2846 Hesycbio
339 2763 373 2827 iu
393 2764 469 2828 vitis
488 2764 656 2830 rhetorum
671 2765 940 2849 posthadrianeae
956 2766 1072 2831 aetatis
1086 2765 1297 2850 compilatum

152 2890 222 2933 esse
246 2871 427 2954 suspicatus
452 2876 516 2956 est,
542 2873 616 2956 scd,
640 2873 667 2936 si
693 2894 743 2936 me
770 2872 876 2957 audis,
899 2873 952 2938 vix
976 2872 1197 2957 probabiliter.
1244 2871 1295 2936 Li·

153 2975 245 3041 brum
266 2981 374 3042 autem
397 2976 486 3064 ιτερὶ
509 2974 759 3063 εὑρημάτων,
783 2980 873 3044 cuius
892 3002 967 3064 pars
986 2980 1116 3045 fluxerit
1134 3001 1172 3044 ex
1191 2979 1295 3044 tribus

152 3084 342 3150 Aristotelis
370 3086 463 3151 libris
491 3085 566 3170 περὶ
595 3087 766 3170 ποιητικῆς
793 3088 843 3152 vel
872 3109 909 3151 ex
933 3087 1119 3153 didascaliis
1143 3087 1226 3171 eius,
1255 3087 1295 3152 ab

151 3189 315 3275 Hesychia
340 3189 405 3279 (vel
429 3191 542 3280 Suida)
566 3195 600 3258 in
619 3193 808 3258 enarrandis
826 3199 995 3278 poetarum
1015 3195 1090 3260 vitis
1110 3199 1295 3279 excerptum

153 3319 222 3363 esse
243 3322 309 3364 non
327 3299 479 3384 probavit
497 3300 696 3379 Volkmann,
720 3300 758 3365 dc
777 3299 863 3366 Suid.
882 3325 911 3386 p.
926 3302 970 3367 20
983 3305 1050 3367 not.
1077 3298 1189 3387 Neque
1208 3301 1295 3366 deni-

152 3426 214 3488 que
233 3427 350 3490 operae
369 3408 507 3490 pretium
528 3412 578 3472 est
592 3408 731 3473 refutare
752 3430 802 3493 ea,
822 3430 903 3494 quae
918 3407 1041 3493 Maass,
1063 3407 1172 3493 Biogr.
1186 3431 1216 3492 p.
1234 3408 1296 3473 120

152 3531 217 3596 seq.
232 3511 270 3577 de
284 3511 495 3579 Phavorini
511 3515 648 3580 historia
663 3516 835 3601 omnigena
848 3514 1066 3579 hallucinatus
1082 3520 1166 3600 eret3
1185 3515 1296 3600 inepta

151 3617 236 3681 enirn
260 3639 330 3683 csse
353 3618 438 3686 inter
461 3645 572 3709 omues
596 3622 661 3686 iam
687 3625 825 3687 constat.

241 3741 349 3810 Pauca
371 3747 470 3812 etiam
493 3747 532 3812 de
556 3747 788 3832 Sophronio,
811 3747 831 3811 i.
855 3770 881 3812 e.
904 3769 1020 3833 graeca
1042 3747 1233 3832 Hieronymi
1256 3747 1295 3812 dc
1319 3756 1339 3834 ξ
1362 3755 1402 3816 10

151 3849 230 3913 viris
259 3850 440 3918 illustribus
469 3854 627 3938 versione,
659 3855 817 3921 monenda
844 3857 933 3939 suut,
962 3877 1044 3939 quae
1072 3855 1136 3919 iam
1165 3856 1294 3940 vulgavi

152 3954 233 4022 Mus.
257 3956 359 4024 Rben.
383 3959 523 4025 XXXVI
545 3985 575 4046 p.
595 3962 659 4027 624
678 3985 744 4048 seq.
789 3961 827 4026 In
850 3959 967 4026 Suidae
995 3961 1098 4028 lexico
1122 3962 1220 4028 haece
1243 3985 1294 4027 ex·

151 4066 224 4128 tant
248 4063 441 4151 Hieronymi
465 4069 565 4133 vitae:
597 4069 628 4156 l)
653 4069 767 4134 Basilii
790 4069 953 4153 Ancyrani
977 4069 1018 4155 (c.
1037 4067 1140 4157 89)²),
1173 4069 1207 4155 2)
1231 4069 1294 4135 Da·

151 4224 362 4235 --...-.-..

224 4333 250 4398 1)
271 4331 324 4383 Vix
342 4330 527 4400 probabiliter
546 4332 640 4402 Daub,
662 4334 741 4391 Stud.
761 4352 788 4404 p.
806 4339 855 4389 145
871 4347 928 4403 seq.
948 4351 1032 4390 unam
1050 4335 1187 4406 Philagrii
1206 4334 1292 4390 vitam

151 4409 322 4479 Eugenatori
341 4411 438 4466 deberi
456 4412 613 4483 suspicatus
632 4419 682 4470 est.
713 4415 843 4470 Ceterum
858 4414 892 4469 ci.
909 4412 985 4469 Suid.
1002 4433 1026 4468 v.
1046 4409 1247 4483 Edyeaciwoor.

221 4495 248 4559 2)
273 4491 385 4568 Contuli
410 4491 572 4563 Hieronymi
597 4495 761 4561 editionem,
785 4512 868 4564 quum
893 4494 1002 4550 curavit
1025 4494 1150 4563 Herdiug
1172 4494 1294 4564 (Lipsiae
