3036 5114
180 267 185 276 ’
245 304 322 358 xxa
670 303 954 360 raonuaousm.

336 467 428 534 Alias
451 489 528 532 vero
552 468 635 532 vitas
660 473 842 553 auctorum,
870 471 925 554 qui
947 492 1113 555 nunquam
1137 472 1281 554 fuerunt,
1304 471 1393 534 effin-

245 576 293 640 xit
316 574 431 641 Suidas
441 574 465 658 ¹)
484 573 660 661 (interdum
678 577 817 641 fortasse
833 577 958 661 lector),
977 578 1165 663 plerumque
1180 578 1278 656 fonte,
1298 601 1392 663 quem

246 684 431 767 exscripsit,
454 684 538 748 male
561 684 725 748 intellecto
749 685 800 748 vel
820 686 930 769 glossa
954 686 1126 769 marginali
1150 708 1319 770 perperam
1339 685 1393 750 ad·

246 790 365 874 hibita,
387 791 478 855 velut
496 791 633 855 alteram
655 791 756 855 vitam
779 791 958 875 Alcmanis,
983 792 1174 875 Pyrrhonis,
1200 791 1394 877 Sapphonis,

246 895 386 981 Sopatri,
406 896 592 982 Sophronis,
606 897 761 982 TimoniS,
781 898 912 963 tertiam
928 897 1096 983 Corinnae,
1116 899 1200 964 vitas
1216 898 1391 982 Soteridae,

245 1003 421 1069 Euschemi
450 1005 578 1088 comici,
605 1004 723 1069 Persae
752 1006 848 1090 epici,
876 1005 1020 1071 Hesiodi·
1043 1006 1153 1071 fratris
1183 1004 1236 1092 (de
1266 1027 1329 1091 quo
1355 1007 1394 1071 cf.

245 1110 350 1194 Daub,
365 1111 483 1177 Annal.
498 1111 577 1196 phil.
595 1113 678 1178 1881
692 1135 723 1196 p.
738 1110 827 1199 246),
848 1110 1011 1178 Stratonis
1026 1112 1204 1198 geographi
1220 1111 1274 1200 (cf.
1289 1112 1394 1196 Daub,

247 1216 336 1283 Stud.
352 1243 382 1304 p.
401 1216 455 1306 18)
480 1219 521 1284 al.

334 1333 511 1399 Nonnullis
551 1339 660 1398 autem
700 1336 892 1419 corruptelis
931 1336 1113 1420 insignibus
1150 1335 1267 1402 Suidae
1304 1340 1392 1403 vitae

246 1441 448 1506 adulteratae
468 1446 557 1524 sunt,
575 1464 656 1526 quas
677 1443 717 1506 ab
737 1443 808 1526 ipso
834 1443 995 1527 profectas
1019 1465 1088 1507 esse
1112 1465 1209 1529 nego,
1233 1445 1322 1510 velut
1345 1445 1392 1509 vi-

245 1553 313 1613 tam
333 1547 515 1614 Chironis
539 1570 578 1612 ex
597 1548 732 1613 Hesiodi
756 1551 897 1614 carmine
920 1544 1091 1634 ὑποθῆκαι
1111 1553 1280 1635 Χείρωνος
1298 1574 1390 1618 secus

167 1717 171 1722 .
244 1656 409 1720 intellecto
434 1659 554 1739 ortam,
578 1659 611 1719 et
635 1655 840 1741 Polyeueti
864 1657 976 1722 comici
1000 1679 1038 1721 611
1062 1657 1221 1723 Heniochi
1246 1660 1392 1724 ciusdem

244 1761 386 1828 nominis
410 1762 521 1827 fabula
542 1763 786 1828 conformatam.
823 1762 966 1847 Utraque
989 1786 1061 1829 curn
1083 1764 1211 1850 legatur
1235 1767 1334 1830 etiarn
1357 1768 1392 1831 iu

245 1869 405 1951 Violario,
435 1869 476 1933 ab
500 1868 665 1954 Hesychio
694 1871 744 1934 vel
771 1870 881 1954 potins
909 1871 950 1935 ab
980 1871 1193 1954 epitomatore
1224 1873 1392 1957 insipienti

245 1976 389 2041 additam
409 1976 564 2061 suspicor,
583 1999 677 2061 quem
697 1978 886 2062 saepissime
906 2000 1030 2052 errasse
1050 1984 1186 2043 constat.
1224 1980 1276 2043 Ab
1294 1981 1392 2046 inter-

245 2086 390 2168 polatore
417 2083 614 2168 adscriptam
643 2107 713 2148 esse
743 2084 823 2149 mihi
852 2084 979 2168 quidem
1007 2107 1074 2149 non
1098 2087 1260 2168 persuasit
1287 2087 1392 2170 Daub,

245 2189 468 2276 senapin.
513 2197 578 2256 Nec
603 2192 708 2278 magis
732 2192 912 2276 probabilis
937 2189 1053 2256 Suidae
1077 2192 1186 2276 glossa
1208 2216 1227 2256 a
1251 2193 1392 2261 liustero

245 2299 397 2363 restituta
423 2293 648 2375 Πολύευκτος·
677 2299 776 2362 τοῦτο
806 2294 914 2383 ὃρᾶμά
944 2297 1035 2363 ἐστιν
1053 2293 1213 2383 Ἡνιόχου
1240 2301 1301 2365 τοῦ
1329 2325 1392 2366 κω-

244 2407 354 2491 μικοῦ.
404 2403 456 2470 Ad
490 2405 626 2469 eundem
663 2405 802 2470 fortasse
836 2406 1084 2489 epitomatorem
1111 2406 1248 2469 recurrit
1274 2429 1392 2471 nomen

245 2513 416 2598 Ephippi
444 2512 478 2576 in
502 2511 545 2596 gl.
564 2508 725 2597 Ἔφορος,
754 2517 787 2577 61
810 2513 845 2576 in
868 2510 984 2576 Suidae
1007 2511 1098 2575 libris
1124 2513 1272 2577 omnibus
1296 2519 1329 2579 et
1358 2516 1391 2579 in

245 2619 391 2686 Violario
416 2622 589 2702 seruatum,
613 2619 699 2703 quod
723 2641 760 2683 ex
785 2619 895 2704 glossa
917 2618 1061 2701 proxime
1080 2619 1283 2684 antecedenti
1303 2643 1391 2704 repe·

245 2729 340 2792 titum
361 2727 485 2811 primus
500 2726 681 2809 suspicatus
696 2729 746 2789 est
755 2725 903 2808 Vossius,
918 2724 957 2787 de
971 2723 1045 2787 hist
1061 2722 1171 2790 Graec.
1186 2747 1215 2809 p.
1229 2726 1271 2790 68
1280 2725 1392 2806 West,

245 2837 296 2900 eui
321 2835 459 2900 assentit
481 2833 586 2898 Daub,
610 2833 648 2895 de
673 2831 760 2897 Suid.
779 2855 809 2915 p.
829 2832 903 2913 409,
928 2830 991 2893 nisi
1015 2829 1099 2895 forte
1118 2831 1198 2896 duos
1218 2833 1392 2916 scriptores

245 2943 396 3007 confusos
421 2963 490 3004 esse
513 2940 690 3025 putaveris,
720 2938 751 3001 id
775 2937 861 3021 quod
885 2937 1033 3022 equidem
1056 2958 1184 3022 censeo,
1215 2961 1287 3003 cum
1312 2963 1392 3005 non·
1443 3027 1445 3030 Α

242 3049 324 3114 nulli
352 3047 478 3131 Ephori
506 3047 582 3111 libri
610 3044 776 3130 sophistae
804 3044 912 3127 potius
947 3042 1082 3107 alieuius
1111 3044 1281 3110 videantur
1308 3069 1390 3129 esse,

245 3179 341 3243 quam
373 3155 529 3220 historici.
584 3154 673 3230 Quae
705 3152 843 3237 denique
876 3150 1067 3236 perturbata
1102 3156 1214 3216 extant
1245 3152 1279 3216 in
1312 3154 1390 3218 vitis

316 3423 343 3490 1)
361 3419 516 3490 Hesychius
534 3417 581 3474 vel
599 3417 770 3487 epitomatar
788 3414 907 3470 fortasse
926 3411 1007 3467 finxit
1024 3413 1097 3468 ritas
1116 3414 1230 3469 Pindari
1250 3417 1280 3469 61
1297 3417 1391 3472 Ρ16611

244 3503 376 3557 Mallotes
401 3499 530 3568 iunioris,
558 3516 628 3568 quas
652 3498 736 3552 offert
758 3494 843 3550 etiam
867 3493 935 3546 Eud.
960 3511 987 3563 p.
1007 3498 1059 3548 598
1083 3497 1112 3548 61
1135 3501 1199 3562 611,
1224 3496 1391 3564 antiquioris

244 3584 344 3651 poetae
364 3581 523 3645 Menandri,
547 3596 629 3648 quam
650 3578 749 3632 eadem
767 3574 854 3628 habet
876 3591 903 3642 p.
923 3579 989 3641 498,
1015 3572 1188 3644 aliorumque
1212 3575 1393 3644 cognomina-

243 3665 350 3730 torum,
374 3662 453 3715 velut
473 3660 589 3715 alterius
608 3656 761 3727 Euripidis,
780 3652 1000 3722 Melanippidae,
1022 3653 1155 3723 Cratetis,
1175 3654 1317 3720 Tinroclis,
1336 3656 1392 3710 ior·

244 3744 317 3797 tasse
336 3739 537 3811 Tryphiodori,
556 3737 721 3809 Phrynichi,
741 3734 840 3789 Sorani
858 3732 971 3802 Ephesii
991 3731 1131 3798 (viderunt
1147 3734 1255 3799 Osann,
1277 3732 1391 3798 Quaest.

244 3823 325 3876 Hom.
345 3821 383 3875 Ill
402 3840 428 3890 p.
446 3821 612 3886 11116111,
631 3816 756 3872 Dietaius
774 3814 870 3869 Soran.
889 3831 916 3883 p.
930 3819 979 3880 23,
998 3811 1102 3878 Kleist,
1129 3813 1163 3866 de
1183 3813 1289 3869 Philox.
1310 3833 1337 3883 p.
1360 3823 1392 3869 17
1488 3837 1492 3844 ·

245 3904 313 3968 not.)
332 3903 378 3968 al,
398 3900 525 3958 distinxit
543 3899 630 3954 etiam
648 3897 722 3952 inter
740 3897 885 3949 Irenaeum
904 3895 933 3947 et
946 3892 1096 3952 Pacatum,
1114 3890 1186 3946 inter
1200 3892 1392 3963 Pherecydem
1411 3960 1414 3963 Ι

244 3981 356 4037 Larium
381 3984 409 4035 61
427 3980 641 4046 Atheniensem,
665 3966 869 4031 contaminavit
892 3973 1007 4028 Sextum
1031 3968 1192 4024 Africanum
1217 3975 1246 4025 et
1269 3969 1391 4043 Empiri-

245 4080 320 4129 cum,
339 4060 466 4114 Asinium
487 4058 644 4114 Pollionem
662 4059 692 4111 61
709 4054 895 4121 Trallianum,
915 4052 1031 4106 fortasse
1051 4048 1214 4104 Strattidem
1237 4053 1266 4105 et
1284 4054 1392 4124 Ephip-

244 4160 311 4213 pum
335 4139 484 4210 Olynthios
508 4140 558 4206 al,
584 4152 754 4206 quamquam
778 4150 866 4201 neque
891 4150 924 4186 ex
948 4128 1059 4185 silentio
1080 4129 1219 4184 Eudociae
1243 4147 1333 4199 neque
1358 4152 1391 4188 61

244 4223 310 4278 vitis
333 4221 406 4287 eius,
429 4236 491 4273 cum
515 4217 748 4287 interpolationes
771 4232 854 4285 passa
877 4213 925 4278 sit,
950 4211 1018 4265 certi
1042 4208 1149 4276 aliquid
1172 4208 1268 4276 colligi
1287 4213 1390 4278 potest.

244 4301 303 4356 Nee
328 4301 418 4354 minus
441 4300 464 4353 si
488 4300 525 4368 gl.
549 4294 686 4366 Σωτάδης
711 4291 786 4364 Κρής
809 4298 838 4349 61
860 4289 1078 4358 iambographns
1101 4289 1130 4340 61
1154 4287 1275 4341 comicus
1300 4310 1319 4344 s.
1344 4293 1390 4348 fin,

245 4381 394 4436 manifesto
415 4378 522 4433 confusi
541 4377 686 4444 videntur,
705 4377 759 4430 hoc
778 4373 918 4443 Hesychia
938 4368 1088 4439 opprobrio
1107 4384 1165 4420 esse
1185 4384 1269 4434 qnam
1289 4368 1391 4427 Snidae

245 4460 355 4526 malim,
374 4459 403 4514 id
423 4459 497 4528 quod
516 4458 551 4513 de
570 4456 712 4528 plerisque
730 4453 868 4508 eiusmodi
887 4448 986 4507 erratis
1004 4447 1099 4501 valere
1118 4445 1223 4515 opinor.
