3036 5114
198 320 242 385 54
661 314 874 372 HESYCHIUS.

197 481 263 561 κός.
318 486 439 567 ἔγραφε
472 477 594 567 πάτρια
625 483 785 563 Κυζίκου,
822 478 897 562 περὶ
930 480 999 544 τῶν
1030 477 1066 543 έν
1098 487 1168 554 τοῖς
1201 478 1346 561 βιβλίοις

199 593 360 675 σημείων,
384 588 459 674 περὶ
481 590 668 672 ποιητικῆς,
692 586 766 673 περὶ
790 590 973 672 στοιχείων.

288 695 398 762 CCVI.
440 693 648 781 Διόδωρος
675 693 729 760 καὶ
757 688 857 771 αὐτὸς
879 689 1032 778 κωμικός.
1078 693 1145 757 τῶν
1174 688 1347 777 δραμάτον

199 798 303 870 αὐτοῦ
328 803 417 868 ἐστιν
444 797 626 887 Αὐλητρίς,
651 797 893 888 (ῦς-,Ἀθήναιος
923 800 959 865 ἐν
987 799 1031 888 τῷ
1061 794 1086 864 ι’
1111 800 1179 865 τῶν
1201 806 1346 865 Δειπνο-

171 912 369 996 εσοφιστῶυ
393 908 487 993 λέγει.
525 908 561 975 ἐν
586 907 622 975 δὲ
645 911 691 999 τῷ
715 906 761 993 ιβ’
786 911 902 993 φησίν,
927 904 977 973 ὅτι
1001 905 1056 973 καὶ
1073 901 1267 990 Ἐπίκληρος
1288 905 1347 972 καὶ

198 1017 462 1102 Πανηγυρισταί.

76 1101 82 1113 ’
288 1122 415 1192 CCVII.
455 1120 663 1207 Διόδωρος
682 1119 847 1206 μονάζων,
866 1121 902 1187 ἐν
923 1131 992 1198 τοῖς
1011 1120 1146 1208 χρόνοις
1158 1116 1349 1187 Ἰουλιανοῦ
1367 1119 1425 1215 ’,Μ

197 1231 253 1298 καὶ
286 1225 475 1307 Οὐάλεντος
511 1225 734 1313 ἑπισκοπήσας
768 1230 908 1314 Ταρσόν
942 1231 1001 1314 τῆς
1033 1232 1194 1307 Κιλικίας.
1249 1217 1349 1308 οὗτος

200 1342 359 1425 ἔγραφεν,
381 1333 425 1415 ὥς
444 1355 525 1422 φησι
541 1334 715 1421 Θεόδωρος
734 1332 950 1421 ἀναγνώσιος
972 1335 1007 1400 ἐν
1031 1337 1070 1421 τῇ
1094 1335 1347 1424 ἐκκλησιαστικῇ

160 1445 344 1535 ιῡίστορίηι,
375 1442 531 1530 διάφορα.
577 1442 642 1510 είσλ
666 1440 703 1508 δὲ
726 1440 818 1507 τάδε·
842 1441 1012 1528 ἑρμηνεῖαι
1041 1444 1088 1520 είς
1114 1438 1176 1527 τὴν
1199 1440 1347 1508 παλαιάν

197 1554 325 1636 πᾶσαν,
349 1552 497 1636 γένεσιν,
522 1552 639 1631 ἔξοδον
663 1549 718 1615 καὶ
738 1550 869 1634 ἐφεξῆς,
894 1552 941 1627 είς
965 1546 1117 1635 ψαλμοὺς
1140 1550 1193 1616 καὶ
1218 1552 1264 1629 είς
1287 1547 1347 1630 τάς

175 1680 180 1689 ’
199 1656 232 1724 δ’
257 1661 440 1742 βασιλείας,
465 1660 512 1735 είς
535 1653 573 1723 τά
599 1657 779 1742 ζητούμενα
802 1659 871 1722 τῶν
894 1657 1198 1744 παραλειπομένων,
1221 1661 1268 1736 είς
1290 1654 1350 1736 τάς

198 1766 387 1850 παροιμίας,
407 1767 455 1841 τίς
470 1760 617 1849 διαφορά
633 1767 779 1846 θεωρίας
796 1761 850 1828 καὶ
864 1760 1076 1849 ἀλληγορίας,
1096 1767 1143 1843 είς
1157 1761 1216 1831 τὸν
1233 1765 1347 1849 ἐκκλη-

199 1869 349 1956 σιαστήν,
373 1874 420 1949 είς
434 1868 470 1937 τὸ
486 1861 574 1958 ᾆσμα
595 1874 661 1936 τῶν
681 1867 849 1958 ᾀσμάτων,
873 1872 920 1949 είς
938 1867 1017 1949 τοὺς
1034 1869 1217 1957 προφήτας,
1237 1897 1348 1958 χρονι-

160 1977 260 2045 ιοκὸυ
290 1974 539 2062 διορθούμενον
565 1974 601 2042 τὸ
627 1975 764 2062 σφάλμα
789 1973 958 2062 Εὐσεβίου
980 1980 1040 2045 τοῦ
1066 1984 1250 2064 Παμφίλου
1271 1977 1348 2063 περὶ
1373 1984 1380 1996 ’

197 2087 265 2152 τῶν
288 2081 437 2170 χρόνων,
461 2088 509 2162 είς
531 2083 570 2149 τά
595 2080 629 2149 δ’
654 2079 844 2169 εὐαγγέλια,
868 2087 915 2163 είς
937 2082 995 2163 τάς
1018 2083 1152 2171 πράξεις
1175 2089 1243 2154 τῶν
1266 2082 1348 2152 ἀπο-

198 2189 339 2274 στόλων,
354 2193 401 2270 είς
414 2189 476 2277 τὴν
490 2189 668 2276 ἐπιστολὴν
680 2186 843 2258 Ἰωάννου
856 2193 918 2258 τοῦ
937 2186 1183 2277 εὐαγγελιστοῦ,
1198 2191 1273 2281 περὶ
1287 2196 1349 2262 τοῦ

200 2291 246 2378 εἷς
278 2294 358 2377 θεὸς
386 2299 423 2366 ἐν
450 2296 577 2385 τριάδι,
609 2294 691 2363 κατὰ
719 2300 1022 2383 Μελχισεδεκιτῶν,
1055 2296 1138 2365 κατά
1162 2294 1349 2385 Ἰουδαίων,

199 2404 274 2491 περὶ
303 2406 432 2486 νεκρόν
455 2400 683 2489 ἀναστάσεως,
710 2404 785 2491 περὶ
809 2408 930 2491 ψυχῆς,
963 2402 1045 2471 κατὰ
1070 2403 1244 2491 διαφόρων
1272 2406 1349 2491 περὶ

158 2531 185 2571 ιο
199 2505 301 2597 αὐτῆς
325 2509 500 2597 αἱρέσεων,
524 2507 606 2598 πρὸς
629 2510 817 2597 Γραιιανὸν
831 2509 1009 2599 κεφάλαια,
1031 2510 1113 2579 κατὰ
1128 2508 1349 2599 ἀστρονόμων

197 2617 252 2685 καὶ
284 2614 499 2703 ἀστρολόγων
531 2618 586 2684 καὶ
614 2619 821 2706 είμαρμέυης.
867 2619 942 2707 περὶ
975 2624 1119 2706 σφαίρας
1145 2619 1200 2686 καὶ
1227 2623 1294 2687 τῶν
1319 2618 1348 2702 ζ’
1400 2619 1402 2624 ’

199 2728 313 2807 ζωνῶν
331 2724 386 2792 καὶ
401 2729 458 2811 τῆς
473 2727 626 2804 ἐναντίας
644 2728 711 2792 τῶν
726 2722 876 2814 ἀστέρων
889 2731 1031 2810 πορείας.
1059 2726 1133 2812 περὶ
1148 2731 1206 2812 τῆς
1214 2724 1348 2811 Ἱππάρ-

197 2859 259 2919 χον
283 2837 441 2919 σφαίρας,
471 2833 545 2918 περὶ
569 2837 745 2917 προνοίας,
772 2831 853 2899 κατὰ
879 2830 1061 2912 Πλάτωνος
1084 2833 1159 2919 περὶ
1182 2837 1268 2901 θεοῦ
1292 2835 1349 2900 καὶ

197 2944 304 3024 θεῶν,
328 2939 402 3022 περὶ
426 2937 559 3024 φύσεως
581 2939 636 3006 καὶ
659 2936 764 3025 ῦλης,
786 2942 823 3008 έν
847 2929 872 3027 ᾧ
896 2944 930 3006 τί
949 2939 988 3007 τὸ
1013 2939 1146 3008 δίκαιόν
1161 2941 1245 3025 ἐστι,
1272 2941 1349 3029 περὶ

158 3066 184 3105 ¹⁵
198 3048 283 3113 θεοῦ
300 3044 356 3111 καὶ
374 3045 456 3130 ῦλ-ης
472 3042 668 3131 Ἑλληνικῆς
686 3047 924 3133 πεπλασμένης,
949 3043 999 3114 ότι
1019 3049 1057 3112 αί
1073 3044 1210 3132 ἀόρατοι
1228 3046 1350 3133 φύσεις
1372 3117 1376 3126 ,

199 3150 259 3219 οῦκ
279 3153 313 3218 ίκ
332 3154 399 3218 τῶν
418 3158 591 3239 στοιχείων
606 3149 680 3219 ἀλλ’
698 3152 890 3242 έκῗμηδενός
903 3152 982 3239 μετὰ
997 3157 1065 3220 των
1080 3159 1252 3241 στοιχείων
1272 3155 1348 3241 ἐδη-

197 3257 466 3345 μιονργήθησαν,
490 3258 573 3348 πρὸς
599 3255 796 3347 Εὐφρόνιον
821 3257 1023 3346 φιλόσοφον,
1046 3259 1127 3329 κατὰ
1150 3265 1270 3329 πεῦσιν
1293 3261 1349 3329 καὶ

197 3362 387 3450 ἀπόκρισιν,
409 3365 491 3432 κατὰ
517 3364 762 3452 Ἀριστοτέλους
788 3366 862 3451 περὶ
891 3364 1042 3451 σώματος
1070 3364 1248 3455 οὐρανίου,
1279 3371 1351 3448 πῶς

197 3471 323 3558 θερμὸς
347 3469 364 3540 ὁ
384 3471 487 3559 ἥλιος,
512 3471 593 3540 κατά
616 3477 683 3539 τῶν
707 3472 875 3558 λεγόντων
900 3476 984 3564 ζῷον
1007 3473 1066 3542 τὸν
1091 3473 1250 3559 οὐρανόν,
1273 3476 1350 3562 περὶ

159 3600 185 3639 ³⁰
199 3584 260 3646 τοῦ
280 3584 349 3660 πῶς
368 3578 418 3647 ἀεὶ
438 3579 499 3667 μὲν
519 3577 536 3649 ό
557 3579 771 3667 δημιουργός,
796 3577 857 3649 οὐκ
875 3576 926 3648 ἀεὶ
947 3581 983 3649 δὲ
1002 3581 1041 3649 τά
1061 3582 1349 3670 δημιουργήματα,

199 3688 269 3763 πῶς
301 3684 338 3753 τὸ
372 3687 486 3753 θέλειν
518 3687 573 3754 καὶ
605 3686 642 3755 τὸ
677 3685 722 3773 μὴ
751 3688 865 3755 θέλειν
894 3688 945 3755 ἐπὶ
977 3694 1062 3757 θεοῦ
1094 3686 1208 3757 ἀϊδίου
1241 3688 1348 3776 ὄντος,

200 3790 283 3858 κατὰ
307 3798 510 3880 Πορφυρίου
533 3794 606 3878 περὶ
631 3792 723 3884 ζῴων
746 3792 801 3859 καὶ
824 3798 966 3862 θυσιῶν.

275 3993 290 4041 2
314 3988 348 4042 de
372 3988 426 4042 hoc
450 3988 594 4057 opusculo,
619 3988 693 4057 quod
717 3991 824 4058 septem
850 3989 976 4045 constitit
997 3989 1090 4057 libris,
1114 3992 1147 4046 cf.
1168 3992 1264 4062 soeph.
1283 3992 1348 4062 Byz.

202 4062 228 4123 τ’.
249 4066 382 4136 Βέσβικος
402 4072 431 4123 et
449 4066 543 4135 Daub,
564 4069 641 4124 Stud.
661 4087 687 4138 p.
707 4074 740 4123 98

273 4148 356 4202 CCVI
375 4146 561 4202 Cf.Meineke
581 4150 591 4202 I
611 4167 637 4218 p.
657 4154 718 4203 418.
750 4148 824 4203 Num
844 4151 975 4219 Hesychii
997 4151 1124 4216 εἰλοείλ,
1148 4150 1272 4206 dubium.
1306 4152 1347 4208 CI.

201 4227 296 4296 Βοιὼ,
326 4228 360 4282 de
380 4226 453 4282 Suid.
474 4246 501 4297 p.
521 4233 571 4282 484
657 4236 672 4283 6
699 4247 748 4299 pro
774 4226 824 4301 ιβ’,
851 4233 924 4300 quod
948 4231 1013 4286 libri
1037 4234 1194 4301 praestant,
1222 4229 1252 4301 ς’
1277 4251 1346 4288 corr.

199 4308 356 4375 Ειίικείκε,
380 4308 557 4378 Bernhardy,
588 4309 723 4364 Westerm.
752 4310 814 4365 coll.
845 4310 881 4362 VI
910 4330 936 4381 p.
961 4318 1025 4377 ⁸235,
1054 4318 1119 4381 239,
1148 4318 1213 4381 240,
1241 4314 1291 4368 sed
1317 4312 1347 4388 β’

199 4389 321 4445 fortasse
341 4388 535 4458 corrigendum
554 4390 710 4458 suspicatus
730 4393 773 4445 est
791 4393 875 4446 Daub
888 4393 909 4446 l.
925 4409 947 4447 c.

273 4470 368 4525 CCVII
389 4469 428 4523 De
448 4469 500 4523 hac
519 4468 653 4539 Hesychii
672 4471 731 4525 vita
749 4472 807 4527 dixi
825 4472 894 4529 Mus.
915 4473 1001 4528 Rhen.
1021 4470 1125 4526 XXXV
1144 4491 1170 4542 p.
1191 4479 1242 4529 198
1257 4492 1314 4544 seq.
1402 4522 1408 4535 .
