3036 5114
653 340 867 397 HESYOHIUS.
1269 339 1330 404 181

1363 498 1447 531 ivi<

187 531 264 592 ρον,
300 501 481 592 ὑπόμνημα
514 509 561 584 είς
591 503 631 571 τὰ
659 500 821 571 Ἡσιόδου
843 501 949 590 Ἔργα
981 501 1036 569 καὶ
1064 498 1220 588 Ἡμέρας,
1258 503 1332 588 περὶ

189 617 455 701 χρηστομαθείας
477 618 591 699 βιβλία
614 611 657 699 γ’,
684 612 759 698 περὶ
782 609 915 698 ἀγωγῆς
937 609 985 697 β’,
1011 615 1058 690 είς
1079 607 1141 696 τήν
1164 615 1333 677 πολιτείαν

188 718 371 798 Πλάτωνος
394 724 506 806 βιβλία
531 719 576 805 θ’,
600 724 647 799 είς
669 717 732 806 τήν
748 717 892 806 Ὀρφέως
914 724 1108 804 θεολογίαν,
1133 722 1333 803 συμφωνίαν

183 823 343 913 Ὀρφέως,
365 827 576 914 Πυθαγόρου
601 826 656 893 καλ
679 826 862 905 Πλάτωνος
884 823 1017 912 περὶτὰ
1040 824 1137 911 λόγια
1159 830 1272 911 βιβλία
1296 824 1332 908 ι’,

187 935 263 1020 περὶ
286 939 354 1003 τῶν
377 932 456 1021 παρ’
476 932 607 1024 Ὁμήρφ
630 938 738 1018 θεῶν,
768 932 1002 1021 ἐπιχειρήματα
1025 931 1107 1001 κατὰ
1131 935 1360 1020 χριστιανῶνῡ

186 1040 247 1128 ιη’.
285 1033 399 1127 [οὗτός
422 1043 490 1109 έστι
514 1041 669 1129 Πρόκλος
692 1038 710 1109 ὁ
736 1038 890 1127 δεύτερος
917 1038 997 1127 μετὰ
1021 1039 1224 1127 Πορφύριον
1251 1036 1333 1107 κατὰ
1391 1118 1399 1133 θ

187 1152 389 1234 χριστιανων
413 1147 473 1235 τήν
497 1146 621 1235 μιαρὰν
645 1148 700 1216 καὶ
720 1148 923 1236 ἕφύβριστον
942 1145 1046 1216 αὑτοῦ
1065 1151 1222 1233 γλῶσσαν
1241 1146 1333 1233 κινή-

188 1276 259 1335 σας·
297 1254 379 1343 πρὸς
413 1253 455 1324 ὃν
488 1261 633 1343 ἔγραφεν
663 1253 872 1358 Ἰωάννηςιὸ
909 1256 1120 1348 ἐπικληθεὶς,
1134 1254 1333 1347 (ξιλόπονος,

187 1362 279 1431 πάνυ
317 1369 515 1451 θαυμασίως
551 1360 743 1450 ὑπαντήσας
774 1361 856 1430 κατὰ
889 1367 956 1430 τῶν
990 1363 1037 1448 ιη’
1071 1360 1332 1449 ἐπιχειρημάτων

188 1467 307 1555 αὐτοῦ,
335 1471 390 1536 καλ
415 1472 523 1552 δείξας
547 1467 651 1538 αὐτὸν
673 1467 736 1537 κᾶν
760 1483 829 1550 τοῖς
847 1467 1068 1556 Ἑλληνικοῖς,
1097 1468 1149 1556 ἐφ’
1177 1465 1228 1550 οἷς
1250 1471 1331 1557 μέγα
1349 1491 1373 1528 1⁰

189 1576 338 1663 ἐφρόνει,
361 1574 477 1664 ἆμαθή
500 1578 555 1645 καὶ
577 1575 747 1664 ἆνόητον].

278 1689 415 1772 [ἔγραφε
447 1685 600 1773 Πρόκλος
633 1684 831 1775 μητρφακήν
865 1691 999 1773 βίβλου,
1034 1681 1077 1772 ἣν
1112 1694 1145 1753 εί
1172 1711 1221 1765 τις
1252 1682 1333 1773 μετὰ

187 1807 298 1881 χεῖρας
321 1792 429 1880 λα’βοι,
455 1791 569 1874 ὄψεται
594 1790 639 1872 ὥς
663 1791 725 1861 οὐκ
748 1791 831 1861 ἄνευ
852 1798 949 1874 θείας
967 1797 1158 1880 κατακωχής
1176 1791 1237 1879 τήν
1256 1801 1333 1860 θεο-

187 1906 305 1985 λογίαν
338 1898 401 1986 τήν
429 1902 505 1986 περὶ
532 1898 595 1986 τήν
622 1897 708 1968 θεὸν
737 1901 896 1988 ἐξέφηνεν
926 1898 1075 1985 ἅπασαν,
1107 1899 1190 1967 ὥστε
1219 1900 1334 1987 μηκέτι

186 2005 394 2092 θράττεσθαι
416 2005 478 2092 τήν
503 2004 607 2093 ἀκοήν
631 2008 666 2074 ἐκ
689 2011 758 2074 τῶν
780 2005 1063 2094 ἆπεμφαινόντων
1085 2006 1251 2093 θρήνων].
1348 2027 1373 2066 1⁵

275 2115 495 2181 DCLXXVL
522 2122 559 2180 Π
566 2112 786 2199 ροκόπιος
812 2112 1048 2202 Ἰλλοόστριος,
1079 2113 1270 2200 Καισαρεὺς
1297 2116 1333 2182 ἐκ

122 2301 125 2304 ⁴
186 2227 424 2308 Παλαιστίνης,
448 2221 558 2308 βήτωρ
581 2221 636 2289 καὶ
661 2221 830 2308 σοφιστής.
875 2225 1014 2308 γέγονεν
1037 2222 1090 2290 ἐπὶ
1113 2226 1181 2290 τῶν
1200 2221 1333 2309 χρόνων

184 2325 428 2397 Ἰονστινιανοῦ
459 2332 520 2397 τοῦ
553 2332 729 2415 βασιλέως,
762 2326 978 2418 ὑπογραφεὺς
1008 2335 1211 2417 χρηματίσας
1238 2337 1332 2397 Βελι-

187 2443 307 2521 σαρίου
339 2436 393 2503 καὶ
428 2433 617 2516 ἀκόλουθος
649 2434 731 2503 κατὰ
761 2435 888 2517 πάντας
914 2436 992 2518 τοὺς
1020 2436 1211 2527 συμβολγτας
1238 2438 1333 2505 πολέ-

187 2571 271 2630 μους
299 2570 333 2611 τε
358 2544 413 2611 καὶ
436 2542 569 2630 πράξεις
591 2541 649 2621 τὰς
672 2538 729 2610 ὑπ’
755 2541 861 2611 αὐτοῦ
889 2553 1142 2631 συγγραφείσας.
1188 2552 1332 2631 ἔγραφεν
1346 2565 1373 2603 2⁰

187 2655 337 2738 ίστοριάν
359 2645 553 2738 Ῥωμαϊκήν,
576 2649 683 2736 ήγουν
709 2647 787 2730 τοὺς
808 2652 973 2739 πολέμους
996 2658 1197 2740 Βελισαρίου
1219 2677 1333 2740 πατρι-

185 2764 277 2842 κίου,
301 2757 341 2827 τὰ
364 2756 446 2826 κατὰ
465 2755 596 2845 Ῥοίμην
619 2757 674 2825 καὶ
698 2757 831 2843 Λιβύην
854 2760 1056 2846 πραχθέντα.
1102 2765 1224 2847 ἔγραψε
1251 2760 1332 2847 <δὲ>

186 2867 240 2934 καὶ
278 2867 392 2953 ἕτερον
423 2871 571 2952 βιβλίον,
607 2864 647 2933 τὰ
685 2864 875 2953 καλούμενα
907 2863 1082 2935 Ἀνέκθοτα
1113 2872 1182 2936 τοῖν
1219 2864 1332 2936 αὐτοῖν

185 2973 353 3059 πράξεων,
378 2971 422 3053 ὡς
445 2972 532 3062 είναρ
555 2970 727 3060 ἀμφότερα
750 2978 864 3059 βιβλία
887 2973 935 3043 θ’.

185 3158 279 3215 πάντα
294 3156 500 3232 τὸνὍμΕιιιλ.
542 3158 773 3223 3Πλοότωνος7
809 3168 950 3218 4comma
963 3165 1029 3220 ante
1042 3163 1108 3234 περὶ
1122 3181 1175 3219 om.
1190 3164 1265 3220 Eud.
1277 3164 1331 3220 del.

186 3242 354 3313 Bernhardy
373 3261 398 3296 v.
412 3238 557 3311 Συριανός
628 3249 644 3296 6
659 3241 752 3297 Verba
770 3242 879 3298 incluse
892 3245 1158 3321 PffiiffiffKMerifli
1177 3246 1227 3300 vii.
1242 3244 1332 3300 Prool.

185 3339 208 3376 ο.
224 3329 258 3376 33
274 3323 422 3376 fluxerunt:
438 3323 471 3377 ci.
488 3324 596 3378 Unters.
612 3340 639 3391 p.
654 3327 688 3375 44
707 3322 764 3376 noi.
780 3328 809 3388 4,
826 3324 917 3391 Dsub‚
933 3325 968 3380 de
987 3325 1059 3379 Vioi.
1076 3316 1144 3395 psi]
1173 3318 1231 3379 lain
1247 3326 1331 3379 Bern-

186 3403 287 3475 hardy:
308 3394 413 3468 ,οὗτός
432 3400 490 3457 ἐστι
509 3420 604 3458 reeens
623 3418 682 3456 esse
697 3401 852 3470 subiuncta,
871 3406 949 3458 cuius
967 3405 1007 3459 rei
1028 3421 1140 3459 causam
1159 3405 1257 3458 attulit
1272 3401 1331 3459 ἐπι-

186 3479 361 3552 χειρημάτων
376 3484 523 3550 memoria,
542 3483 586 3538 vel
602 3481 742 3537 Eudoeiee
757 3483 851 3552 arguit
863 3482 1036 3538 silentinm“.
1065 3483 1167 3539 Eorum
1185 3485 1246 3540 loeo
1262 3486 1332 3539 haee

185 3566 311 3633 praestat
323 3563 459 3618 Eudoeia:
479 3563 527 3617 rai
546 3559 714 3634 μητρφακήν
733 3564 829 3634 βίβλον
848 3563 900 3633 (ἔτι
920 3563 951 3619 δὲ
977 3563 1043 3632 περὶ
1061 3565 1117 3617 τῶν
1135 3564 1213 3618 θεοῖν
1232 3569 1331 3619 θεολο·

185 3647 253 3713 γία).
291 3644 397 3714 ἔγραψε
417 3645 466 3698 καλ
484 3640 555 3699 ἄλλα
576 3641 673 3710 πολλά,
691 3638 765 3710 ἅπερ
780 3636 831 3712 οὐχ
846 3639 1013 3712 εὑρίσκεται,
1029 3661 1145 3713 quorum
1169 3648 1278 3714 partem
1298 3663 1330 3700 ex

185 3724 349 3794 insequente
381 3726 483 3780 Suidae
507 3726 601 3796 glossa
623 3725 842 3795 deprompsisse,
872 3728 980 3795 partem
1003 3725 1092 3795 ipsam
1116 3725 1227 3780 finxisse
1249 3729 1333 3795 putat
1361 3718 1377 3759 ί

189 3806 272 3861 Daub
288 3806 361 3874 (coll.
376 3826 401 3862 v,
418 3802 608 3876 Πλούταρχος)
665 3813 697 3859 16
713 3799 890 3874 βλάπτεσθαι
910 3805 1055 3861 Reirresiue

257 3886 418 3941 DCLXXVI
437 3887 510 3942 Ενολ.
530 3905 556 3955 p.
577 3893 636 3940 593.
723 3891 755 3939 16
784 3885 824 3939 De
853 3887 1017 3955 cognomine
1044 3881 1221 3953 Ἰλλοόττριος
1248 3887 1281 3940 ef.
1305 3905 1330 3943 v.

184 3965 378 4036 Χριστόδωρος
389 3968 525 4038 Θηβαῖος;
537 3966 652 4033 Teuffel,
663 3966 779 4020 Sbudien
789 3984 814 4034 p.
823 3972 873 4019 192
883 3969 941 4020 not.
954 3973 999 4030 113
1015 3965 1220 4032 Wintersheinr,
1230 3966 1330 4021 Gescb.

185 4049 210 4102 d.
224 4047 499 4117 Velkerwanderung
518 4047 557 4098 ΙΙΙ
577 4065 602 4115 p.
621 4054 678 4100 132.
707 4047 766 4102 Nec
784 4045 875 4099 minus
889 4047 1059 4116 Hesychium
1079 4064 1111 4101 eo
1127 4051 1330 4117 ornatumesse

185 4128 268 4183 docet
281 4128 360 4182 Phor.
377 4127 436 4183 cod.
448 4135 490 4183 69.
526 4121 703 4192 Ἰλλοόοτριος
717 4126 767 4180 καλ
781 4123 969 4194 Καισαρεύςλλ
1011 4134 1045 4182 20
1060 4129 1146 4183 verba
1161 4126 1286 4196 ἔγραφεν
1298 4158 1329 4164 -

184 4207 364 4277 πραχθέντα,
390 4225 460 4276 quae
485 4212 548 4277 post
571 4202 705 4275 σοφιστής
728 4205 864 4275 praebent
886 4205 965 4275 libri,
992 4225 1098 4263 morem
1121 4207 1330 4277 Hesychianum

184 4293 294 4342 secutus
312 4289 367 4342 huc
385 4289 544 4357 transposui
561 4291 625 4357 post
645 4289 861 4355 συγγραφείσας.
897 4289 938 4343 De
956 4289 1035 4343 libris
1055 4289 1089 4344 ef.
1104 4288 1194 4353 Dnhn,
1212 4287 1329 4356 Procop.

184 4385 236 4423 von
253 4368 389 4422 Caesarea
403 4368 485 4434 (Berl.
503 4372 581 4435 1865)
637 4374 669 4422 21
690 4370 839 4435 πατρικίου
858 4369 920 4424 edd.
938 4375 1034 4422 nvn
1053 4386 1107 4422 om.
1121 4369 1192 4436 νκλγ.
1209 4367 1284 4421 Ean.

184 4456 217 4503 22
237 4448 268 4502 δέ
288 4449 347 4518 ipse
366 4448 469 4502 inserui
546 4455 580 4503 23
600 4444 690 4503 αὑτοῦ
708 4453 766 4504 Ale,
786 4444 875 4504 αὐτοῦ
894 4455 940 4502 BE
955 4451 1030 4505 End.
1054 4465 1125 4517 quae
1139 4464 1204 4502 mox
1222 4463 1276 4502 om.
1292 4443 1329 4510 ὡς

184 4526 259 4585 εἶναι
273 4523 420 4600 ἀμφότερα
436 4524 480 4596 (τὰ
496 4525 566 4597 α’μφ.
580 4534 612 4598 V)
627 4531 719 4603 βιβλία
734 4524 769 4582 θ’
784 4548 805 4584 ε.
816 4530 862 4586 fin.
877 4530 941 4586 add.
953 4524 1088 4601 Hennensi,
1104 4525 1243 4599 Γοτθωιοὶ,
1257 4543 1328 4599 quae
