3036 5114
201 297 268 372 248
677 310 870 369 ΑΡΡιαοιΧ.

200 475 347 557 ηγοριῶν
375 473 420 556 α’,
444 472 518 559 περὶ
542 472 731 559 ἑρμηνείας,
759 474 930 562 προτέρων
955 471 1166 545 ἀναλυτικῶν
1183 476 1231 563 β’,
1255 485 1356 546 πολι-

199 583 287 658 τείας
313 577 444 647 πόλεωυ
472 582 650 648 ἰδιωτικῶν
677 582 732 648 καλ
761 586 1014 670 δημοκρατικῶν
1043 583 1098 650 καὶ
1121 581 1356 672 ὀλιγαρχικῶν

200 683 288 771 ρνη’,
322 691 524 754 σνσσιτικῶν
555 687 800 775 προβλημάτων
832 688 877 775 γ’,
908 687 1081 770 ἐπιστολὰς
1107 689 1152 776 κ’,
1184 697 1264 779 έπη,
1301 685 1354 762 ῶν

200 787 284 878 ἀρχή
314 788 411 878 (ἀγνὲ
437 798 531 862 θεῶν
558 793 737 884 πρέσβισθ’
769 795 974 883 ἑκατηβόλε’,
1008 796 1148 883 ἐλεγεῖα,
1182 788 1231 866 ῶν
1259 795 1353 889 ἀρχή

172 899 432 967 ι“καλλιτέκνου
450 899 575 988 μητρός
591 900 762 988 θυγάτερ’.
782 940 824 952 -
848 902 923 989 περὶ
946 907 1014 971 τῶν
1033 902 1193 985 Σόλωνος
1211 902 1351 988 ἀξόνων

199 1003 239 1092 ε’,
262 1006 337 1092 περὶ
360 1007 632 1095 μακροβιότητος,
655 1013 686 1076 εί
703 1008 746 1095 δή
764 1035 843 1078 ποτε
853 1006 999 1096 ’Όμηρος
1016 1011 1150 1097 ἐποίησε
1168 1009 1227 1092 τάς
1244 1009 1351 1098 ἡλίου

198 1118 294 1199 βοῦς,
327 1112 525 1202 ἀπορήματα
551 1113 714 1185 Ἡσιόδου
750 1120 787 1187 έν
824 1121 869 1201 α’,
907 1113 1103 1206 ἀπορήματα
1138 1115 1348 1206 Ἀρχιλόχου,

199 1218 406 1310 Εὐριπίδου,
436 1229 598 1308 Χοιρίλον
621 1225 658 1292 έν
681 1229 825 1312 βιβλίοις
847 1224 892 1312 γ’,
916 1222 1140 1312 ἀπορημάτωυ
1162 1231 1348 1312 ποιητικῶν

198 1327 245 1415 α’,
278 1334 386 1410 αίτίας
416 1333 603 1419 ποιητικάς,
638 1332 884 1421 προβλημάτων
910 1330 1097 1421 Ὁμηρικῶν
1129 1332 1166 1418 ι’,
1199 1338 1348 1421 φυσικῆς

159 1459 185 1498 10
200 1433 390 1521 ἀκροάσεως
414 1438 474 1526 ιη’,
497 1439 572 1522 περὶ
595 1441 756 1525 γενέσεως
777 1440 833 1506 καὶ
852 1443 987 1526 φθορᾶς
1003 1439 1049 1526 β’,
1073 1441 1149 1526 περὶ
1167 1440 1347 1528 μετεῶρων

198 1543 232 1611 δ’
255 1541 275 1630 ή
303 1545 586 1631 μετεωροσκοπιά,
612 1547 687 1631 περί
715 1546 863 1614 πλούτου
890 1546 937 1631 α’,
966 1548 1040 1634 περὶ
1063 1545 1164 1634 τύχης
1191 1547 1239 1634 γ’,
1266 1550 1346 1632 περὶ

197 1653 374 1738 ῥητορικῆς
399 1655 457 1737 τῆς
484 1649 564 1737 μετά
587 1650 712 1739 φυσικά
742 1651 780 1738 ι’,
807 1654 881 1737 περὶ
906 1653 998 1735 ζῶων
1027 1658 1173 1739 ι’στορίας
1201 1653 1239 1740 ι’,
1268 1656 1347 1741 περὶ

198 1756 291 1839 ζῶων
310 1757 471 1846 κινήσεως
489 1757 535 1845 γ’,
558 1757 634 1845 περὶ
654 1757 745 1840 ζῶωυ
764 1764 893 1846 μορίων
912 1760 958 1846 γ’,
977 1762 1052 1848 περὶ
1072 1761 1164 1842 ζῶωυ
1183 1763 1348 1847 γενέσεως

197 1866 242 1952 γ’,
265 1867 340 1951 περὶ
363 1870 421 1954 τῆς
443 1869 503 1934 τοῦ
527 1870 654 1935 Νείλου
677 1862 881 1951 ἀναβάσεως,
904 1868 979 1955 περὶ
1002 1873 1061 1954 τῆς
1084 1871 1121 1937 ἐν
1143 1883 1213 1949 τοῖς
1234 1872 1347 1956 μαθή-

157 2006 183 2043 15
197 1993 299 2061 μασιν
323 1972 450 2060 οὐσίας,
473 1975 547 2063 περὶ
571 1979 751 2042 συσσιτίων
770 1968 791 2060 ῆ
811 1980 1018 2061 συμποσίων,
1041 1976 1116 2062 περὶ
1135 1975 1244 2063 δόξης,
1268 1978 1347 2064 περὶ

125 2147 130 2156 ,
197 2079 331 2169 ἀρετῆς,
357 2082 430 2166 περὶ
455 2086 587 2169 φωνῆς,
610 2081 685 2169 περὶ
709 2080 924 2167 συμβιῶσεως
947 2078 1072 2169 ἀνδρὸς
1095 2083 1150 2150 καὶ
1173 2086 1346 2170 γυναικός,

198 2189 324 2277 νόμους
346 2188 473 2274 ἀνδρὸς
495 2191 550 2257 καὶ
573 2192 726 2277 γαμετῆς,
749 2189 824 2275 περὶ
848 2192 996 2275 ίατρικῆς
1016 2187 1055 2275 ζ’,
1080 2195 1272 2278 συμμίκτων
1292 2197 1346 2279 ζη-

195 2298 350 2385 τημάτων
375 2297 440 2383 οβ’,
465 2295 511 2376 ῶς
533 2316 638 2382 φησιν
661 2295 829 2383 Εὔκαιρος
851 2293 869 2363 δ
895 2293 1059 2383 ἀκουστὴς
1078 2295 1193 2382 αὐτοῦ,
1216 2298 1346 2366 πέπλον

196 2405 353 2492 (περιέχει
377 2404 414 2471 δὲ
443 2406 594 2488 ἱστορίαν
624 2402 842 2491 σύμμικτον),
874 2405 948 2489 περὶ
976 2403 1119 2491 χρόνον,
1146 2405 1221 2491 περὶ
1248 2410 1346 2489 βασι-

158 2539 184 2579 ιο
199 2516 299 2596 λείας,
323 2511 397 2598 περὶ
421 2514 583 2595 παιδείας,
607 2506 682 2596 περὶ
702 2508 810 2591 ὄψεως
828 2508 875 2596 β’,
900 2511 975 2597 περὶ
993 2508 1090 2597 ήθῶν
1108 2516 1347 2599 Νικομαχείων

197 2616 392 2707 ὑποθήκας,
419 2620 493 2707 περὶ
519 2615 738 2706 Ἀλεξάνδρου
770 2613 791 2703 ῆ
824 2618 898 2704 περὶ
932 2617 1072 2704 ῥήτορος
1105 2613 1126 2705 ή
1159 2623 1346 2703 πολιτικοῦ,

196 2730 317 2815 τέχνην
340 2725 617 2815 ἐγκωμιαστικήν,
649 2730 853 2813 θαυμασίων
880 2721 1117 2812 ἀκουσμάτων,
1148 2723 1294 2811 έγκῶμιοι
1321 2722 1344 2812 ῆ

197 2833 339 2921 ὕμνους,
367 2837 530 2922 διάφορα,
558 2837 726 2918 ἐρωτικῶν
750 2830 791 2917 ς’,
821 2830 896 2917 περὶ
924 2828 1093 2918 εὐγενείας
1114 2831 1161 2917 α’,
1188 2831 1263 2919 περὶ
1286 2828 1345 2900 ἀν-

195 2964 407 2972 ...1—---—-

270 3041 282 3088 l
300 3027 568 3103 ἕρμηνίαςλνιῦνοε.
584 3048 661 3095 προτ.
676 3022 789 3081 ἀναλυτ.
807 3052 840 3071 =
858 3046 884 3097 p.
900 3033 1005 3097 216,17
1046 3033 1061 3081 2
1076 3027 1166 3102 <καὶ>
1180 3024 1345 3097 ἀριστοκρα-

196 3114 282 3167 τικῶν
296 3112 345 3165 καλ
359 3111 535 3179 τυραννικῶν
550 3127 584 3164 ex
595 3108 716 3162 Ambros.
733 3104 795 3161 add.
808 3107 879 3161 Rose
938 3115 954 3161 4
969 3103 1127 3181 npiapvav’
1140 3108 1200 3163 cod.
1212 3107 1345 3178 MenagH,

196 3209 230 3248 ex
244 3193 368 3249 Ανιλιτοι.
389 3208 457 3245 corr.
477 3189 549 3244 Rose
614 3186 829 3254 ὅκαλλιτέχνου
849 3187 909 3243 cod.
930 3188 1057 3257 Μανιος,
1077 3205 1109 3243 ex
1130 3189 1253 3243 Αυιδνοε.
1274 3205 1344 3243 corr.

196 3273 267 3328 Ιλοιι
340 3277 427 3341 σεεη.
448 3270 573 3340 sequitur
591 3272 635 3338 (ex
653 3267 836 3338 Porphyrioi)
856 3266 996 3337 appendix
1019 3267 1179 3334 titulorum,
1198 3267 1247 3337 qui
1269 3271 1345 3339 apud

196 3351 339 3409 Laertium
353 3349 547 3408 desiderantur
602 3355 617 3404 6
637 3344 764 3419 μαχαριῶ
780 3351 807 3417 (ο
822 3349 946 3402 Ambros.
958 3350 985 3416 2)
1004 3368 1085 3417 τητος
1103 3349 1132 3403 τί
1148 3345 1252 3418 δήποτε
1272 3349 1345 3418 (sine

196 3434 278 3506 intp.)
297 3436 421 3490 Ambroe.
487 3426 572 3486 ’λα’π.
587 3426 736 3498 Ἡσερ.
747 3433 807 3495 247,
820 3434 870 3483 152
889 3423 938 3483 ἀπ.
956 3422 1122 3498 Ἀρχείὶ),
1135 3434 1186 3483 18?
1258 3424 1344 3488 8ἀπ.

196 3534 287 3585 ποιητ.
304 3542 337 3562 =
352 3515 454 3570 ib.15?
508 3518 524 3565 9
544 3510 596 3566 αίτ.
616 3532 690 3580 ποιη.
711 3511 774 3566 fort.
789 3526 844 3564 non
863 3508 973 3563 diversa
991 3525 1009 3562 a
1026 3509 1259 3579 praecedentibus
1278 3513 1346 3566 nunt

196 3598 274 3669 ποβλ.
290 3592 350 3666 Ὁμ.
365 3621 399 3641 =
414 3593 451 3649 ib.
468 3599 501 3647 15
558 3597 590 3646 10
605 3593 762 3662 μεταρσίων
776 3607 826 3661 pro
841 3609 899 3660 μετ.
916 3589 1095 3645 Οαεααίιοκαι
1156 3595 1186 3643 11
1203 3609 1232 3644 π.
1246 3586 1344 3645 κλοῦτ.

197 3703 230 3722 =
241 3696 267 3746 p.
280 3682 367 3743 216,5
387 3671 452 3742 περὶ
469 3668 600 3741 πλοῦτον,
619 3672 684 3740 περὶ
698 3673 829 3734 παιδείας
844 3673 908 3740 (20),
923 3670 986 3736 περὶ
1003 3664 1148 3738 εῦγενείας
1163 3666 1194 3724 α’
1210 3673 1266 3737 (23)
1281 3686 1345 3725 cum

195 3755 300 3811 Βαίιίιό
319 3755 397 3809 uncis
410 3752 526 3809 seclusit
542 3752 678 3809 Weetcrm.
736 3758 766 3806 12
786 3752 852 3822 post
869 3747 1019 3821 ρἠτορικῆς
1038 3767 1101 3804 eum
1118 3749 1241 3804 Ambros.
1256 3748 1345 3804 inter-

196 3834 297 3905 punxit
315 3834 399 3901 Rose,
417 3834 467 3903 τῆς
485 3827 555 3903 μετά
575 3827 651 3904 (τά>
669 3851 735 3900 φοα.
755 3832 825 3887 Ηοετ
844 3858 878 3879 ==
897 3850 922 3901 p.
935 3835 996 3896 241,
1009 3837 1041 3886 16
1099 3836 1132 3884 13
1151 3824 1221 3897 πρὸς
1240 3832 1261 3895 ζ.
1281 3848 1345 3898 μορ.

196 3915 348 3969 καίοιεν
406 3919 438 3969 15
452 3933 481 3970 a.
497 3930 571 3968 ωσι.
588 3937 621 3958 =
636 3930 662 3982 p.
673 3918 760 3978 κιαι
776 3914 906 3982 (ειηνω
921 3909 954 3964 ef.
967 3915 1027 3977 ιιι,
1038 3912 1065 3975 ε)
1122 3915 1153 3964 ιο
1170 3903 1229 3977 ἢκ.
1246 3909 1346 3978 φωνῆς

198 3996 362 4065 Μτκαμίαυι
380 3995 482 4049 habere
503 4010 597 4050 errans
616 3992 687 4047 dixit
699 3993 770 4047 Rose
839 3998 870 4046 17
891 3990 955 4058 περί
975 3989 1044 4058 ίατρ.
1065 4016 1098 4036 =
1117 3995 1221 4058 ρ.247,
1238 3993 1270 4042 12

198 4083 231 4132 18
250 4070 267 4146 ῆ
287 4081 334 4145 (sc.
355 4072 509 4143 γέγραφεν)
536 4067 573 4136 ῶς
591 4093 691 4141 φασιν,
711 4068 852 4139 Εὔκαιρος
871 4071 942 4125 Rose
960 4066 1029 4137 πρὸς
1049 4064 1193 4136 Εῦκαιρον
1212 4070 1308 4124 David

196 4155 276 4213 πέπλ.
298 4183 330 4203 =
349 4157 453 4225 pm,
470 4158 502 4205 14
588 4159 620 4207 19
640 4153 705 4223 περί
725 4156 785 4227 βαο.
805 4179 838 4200 ==
857 4171 884 4222 p.
901 4156 992 4215 246,7
1066 4154 1100 4203 20
1123 4147 1188 4215 περὶ
1209 4149 1287 4202 παιδ.
1308 4173 1343 4195 =

196 4238 270 4293 ib.8
307 4230 434 4304 περλόψ.
449 4252 524 4303 =p.
540 4240 601 4300 247,
618 4241 650 4287 14
713 4237 776 4305 post
795 4233 995 4301 Νικομαχείων
1013 4228 1148 4297 distingui
1172 4229 1262 4283 voluit
1282 4230 1343 4284 Μυ-

195 4321 309 4389 minyius,
330 4316 379 4372 sed
397 4315 426 4370 in
445 4309 527 4383 ῆθῶν
547 4315 746 4382 Νικομαχείων
770 4313 900 4367 mendum
923 4311 1011 4364 latere
1030 4308 1119 4362 visum
1140 4312 1183 4362 est
1200 4308 1304 4364 Βαλλίο

93 4450 109 4473 ,
199 4407 210 4453 1
233 4419 261 4454 π.
280 4394 326 4454 m.
346 4396 376 4467 η’
396 4397 466 4452 Rosa
525 4393 669 4450 πολιτικοῦ
689 4391 790 4462 τέχνην
810 4393 878 4460 (sine
898 4392 977 4460 intp)
1000 4390 1089 4443 Ραίνι.
1110 4414 1144 4433 =
1163 4406 1189 4456 p.
1209 4395 1270 4456 216,
1289 4396 1306 4442 4

197 4484 231 4538 22
249 4473 458 4554 (συναγωγὴν)
476 4480 564 4547 δανμ.
580 4473 650 4531 Ιίοιι
707 4479 741 4529 23
756 4465 863 4544 ῦμνους
877 4464 1002 4538 διαφορά
1017 4469 1141 4526 Αικδνοε.
1154 4468 1245 4525 Ριιίιιι.
1261 4465 1340 4539 έρωτ.
