3036 5114
240 313 282 377 52
701 314 914 380 HESYOHIUS.

238 477 297 554 δος
319 481 396 561 βίον
420 478 456 544 ίν
479 480 621 562 βιβλίοις
644 479 685 562 γ’.
724 468 820 557 οὗτος
844 482 966 563 ἔγραψε
989 476 1050 564 τὴν
1073 480 1244 545 πολιτείαν
1268 484 1382 562 Σπαρ-

237 585 369 652 τιατῶν.
408 583 475 665 [καί
495 584 599 671 νόμος
618 585 715 671 ἐτέθη
736 586 772 652 ἐν
797 589 1024 671 Λακεδαίμονι
1043 581 1122 651 καθ’
1149 587 1288 652 ἕκαστον
1312 588 1385 663 ἔτος

237 684 529 774 ἀναγινώσκεσθαι
553 689 736 778 τὸνλόγον
761 697 808 771 είς
829 689 866 759 τὸ
890 696 957 760 τῶν
982 691 1115 779 ἐφόρων
1139 690 1284 780 άρχεῖον,
1306 688 1385 770 τοὺς

238 793 275 861 δὲ
293 793 354 882 τὴν
373 793 535 885 ἡβητικην
555 804 690 885 ἔχοντας
708 795 841 885 ἡλικίαν
860 795 1060 885 άκροῦσθαι.
1096 799 1152 866 καλ
1170 802 1268 867 τοῦτο
1289 798 1384 885 ἐκρά-

210 923 314 989 στησε
338 904 432 992 μέχρι
455 909 605 989 πολλοῦ]

326 1009 387 1079 OC.
426 1011 694 1098 Δικαιογίνης
723 1009 845 1099 [ὄνομα
872 1010 1008 1098 κύριον,
1038 1009 1087 1097 ὃς]
1118 1017 1304 1103 τραγῳδίας
1328 1013 1384 1080 καλ

236 1114 470 1210 διθυράμβους
495 1123 648 1204 ἔγραφεν.

324 1224 402 1291 001.
432 1230 580 1305 Δίκτυς
601 1210 775 1314 ἱστορικός.
800 1230 943 1312 ἔγραψεν
968 1227 1151 1313 ἐφημερίδα
1175 1228 1259 1314 (ἔστι
1283 1227 1321 1294 δὲ
1343 1224 1384 1296 τά

235 1326 313 1415 μεθ’
335 1328 482 1420 Ὅμηρον
505 1332 738 1428 καταλογάδην
763 1334 799 1400 ἐν
818 1338 961 1418 βιβλίοις
979 1331 1045 1421 θ’),
1070 1331 1208 1420 Ἰλιακά,
1231 1338 1384 1421 Τρωικοῦ

195 1465 221 1505 10
237 1437 430 1525 διακόσμου.
473 1430 571 1520 οὗτος
601 1425 724 1526 ἔγραφε
752 1438 791 1506 τά
819 1440 894 1524 περί
922 1443 980 1526 τῆς
1003 1438 1153 1530 ἁρπαγῆς
1171 1439 1305 1529 Ἑλένης
1327 1443 1384 1510 καὶ

136 1572 143 1582 ’
234 1544 309 1632 περὶ
333 1547 514 1615 Μενελάου
532 1550 586 1616 καὶ
610 1547 717 1634 πάσης
737 1546 880 1634 Ἰλιακῆς
902 1545 1103 1628 ὑποθέσεως.

326 1650 391 1739 [ὅτι
409 1655 461 1723 ἐπὶ
476 1659 652 1723 Κλαυδίου
665 1659 723 1742 τῆς
738 1657 871 1742 Κρήτης
886 1651 950 1722 ὑπὸ
966 1660 1105 1742 σεισμοῦ
1119 1663 1383 1744 κατενεχθείσας,

235 1760 290 1827 καὶ
316 1764 450 1830 πολλῶν
481 1762 598 1849 τάφων
622 1760 879 1850 άνεωχθέντων,
909 1760 1031 1849 εὑρέθη
1056 1766 1092 1832 ἐν
1118 1765 1168 1832 ἑνί
1192 1762 1321 1832 τούτων
1344 1762 1382 1833 τδ

235 1865 408 1955 σύνταγμα
433 1873 492 1957 τῆς
512 1873 658 1957 ἱστορίας
678 1875 833 1953 Δίκτυος,
858 1867 919 1938 τὸν
943 1868 1094 1956 Τρωικὸν
1116 1872 1269 1960 περιέχον
1288 1869 1384 1940 πόλε-

197 2000 221 2040 ιε
237 2001 313 2061 μον,
338 1972 418 2065 ὅπερ
442 1975 556 2064 λαβὼν
580 1978 749 2057 Κλαύδιος
773 1977 909 2057 ἐξέδωκε
933 1976 1147 2065 γράφεσθαι]

310 2233 326 2280 2
346 2228 414 2282 haec
434 2228 546 2283 aliunde
565 2226 676 2281 fluxisse
695 2226 810 2295 exposui
829 2226 898 2280 Mus.
919 2228 1006 2282 [then.
1025 2226 1129 2282 XXXV
1148 2247 1174 2298 p.
1194 2233 1245 2283 209

308 2306 351 2361 CO
372 2308 446 2362 Ειιδ.
465 2327 492 2377 p.
513 2313 572 2361 228.
607 2307 646 2360 ef.
663 2306 825 2375 Harpocrat.
840 2326 860 2362 s.
876 2327 910 2376 v.,
929 2326 1012 2376 quem
1032 2309 1188 2379 Hesychius
1207 2309 1265 2365 sive
1285 2308 1386 2364 Suidas

235 2387 400 2457 compilavit
490 2396 505 2439 0
526 2381 557 2450 ὃς
576 2386 675 2441 melius
695 2405 748 2442 om.
768 2387 843 2440 Εαιί.
863 2390 1021 2458 τραγῳδίας
1040 2382 1122 2450 οὗτος
1142 2384 1259 2458 ποιητής
1277 2389 1384 2460 Harpo-

236 2472 304 2525 crat.
326 2469 461 2524 θ’σειακι.

306 2547 362 2603 CCI
381 2550 455 2605 Eud.
477 2569 501 2619 p.
518 2555 565 2603 ‘221
584 2548 613 2601 iu
628 2547 723 2601 multis
738 2547 909 2617 discrepans,
932 2567 1050 2618 quaeum
1066 2548 1208 2618 conspirat
1221 2549 1281 2603 cod.
1296 2548 1383 2607 Paris.

234 2634 304 2684 2600
323 2631 397 2698 apud
413 2631 511 2686 Miller.
542 2629 651 2699 Periple
670 2647 697 2698 p.
717 2633 777 2682 311.
811 2627 851 2681 Cf.
873 2629 974 2683 Zoster.
994 2648 1020 2699 p.
1038 2636 1096 2686 oo'l.
1125 2628 1282 2682 librarium
1301 2629 1383 2684 huius

233 2710 337 2765 codicis
357 2728 390 2765 ex
409 2712 533 2766 Violario
552 2729 602 2765 sua
621 2710 745 2765 hausisse
769 2707 827 2763 dixi
846 2709 953 2763 Unters.
973 2728 999 2779 p.
1020 2714 1062 2762 01.
1099 2707 1274 2764 Contrarium
1296 2711 1383 2777 putat

233 2821 267 2830 -
287 2791 317 2843 at
335 2790 448 2845 minime
472 2792 604 2862 probavit
627 2823 658 2830 -
681 2791 769 2844 Pulclr
792 2809 819 2858 p.
839 2795 873 2843 54
888 2805 944 2857 seq.
982 2788 1111 2844 Ceterum
1135 2789 1210 2857 quod
1232 2789 1307 2858 apud
1328 2788 1381 2860 Cy·

232 2871 297 2925 riae.
312 2871 477 2926 Anconitan.
492 2872 663 2941 Epigramm.
674 2872 775 2940 repert.
791 2885 840 2938 per
854 2867 976 2936 illyriam
991 2887 1018 2939 p.
1029 2867 1158 2922 XXXXII
1170 2867 1286 2936 (Romae
1298 2871 1380 2939 1646)

232 2951 337 3020 legitur
353 2955 472 3013 Δίκτυος
489 2946 506 3020 ἣ
522 2950 632 3007 Ὀδίτοο
648 2953 803 3021 significare
818 2947 890 3002 illud
909 2944 1016 3011 ὀπαδός
1034 2945 1115 3019 'Idola
1130 2944 1273 3004 Eudoeiae
1288 2950 1381 3019 suspi-

234 3034 312 3086 catus
327 3035 369 3086 est
379 3033 471 3087 Daui.
495 3033 554 3088 Nec
569 3033 658 3102 magis
672 3030 855 3103 probabiliter
871 3030 960 3083 Ριιλσλι
974 3048 1000 3099 p.
1017 3035 1051 3083 58
1066 3025 1097 3083 Ὁ
1116 3030 1193 3096 δίτης
1208 3027 1276 3082 olim
1294 3046 1346 3099 pro
1363 3024 1379 3084 δ

234 3114 338 3173 Δίκτυς
353 3113 488 3182 scriptum
502 3111 587 3168 fuisse
602 3114 714 3183 putavit
728 3112 790 3166 coll.
806 3109 866 3164 cod.
877 3107 1010 3164 Beruensi
1024 3110 1098 3179 apud
1112 3107 1185 3163 Dict.
1201 3109 1244 3162 ed.
1257 3109 1382 3168 Meister.

235 3209 258 3260 p.
275 3190 298 3242 V
354 3195 370 3243 8
390 3185 497 3253 ὀπαδός
514 3187 676 3261 Ἰδομενέως
690 3192 752 3246 add.
765 3190 838 3243 Eud.
855 3184 1029 3259 ἐφημερίδας
1044 3208 1077 3244 ex
1092 3189 1183 3245 Schol.
1201 3190 1229 3243 in
1243 3189 1379 3262 Hermog.

233 3277 289 3341 lp.
305 3278 339 3326 43
359 3271 429 3326 rhet.
449 3291 489 3341 gr.
509 3272 581 3327 coni.
601 3273 741 3326 Meursias
760 3267 850 3325 ἔτιδὲ
870 3274 931 3324 vit.
951 3276 1086 3339 raasson,
1105 3271 1180 3340 quod
1199 3271 1382 3326 commendat

233 3353 378 3408 Κυσλακο.
411 3351 541 3407 Codicum
563 3352 646 3406 lectio
666 3370 748 3405 sensu
766 3368 829 3404 curn
844 3354 950 3419 careat,
970 3351 1048 3405 varia
1061 3350 1186 3406 remedia
1204 3353 1384 3405 tentaverunt

234 3432 336 3487 critici:
362 3430 520 3502 ἐφημερίδα
540 3431 654 3500 (ἔστιδὲ
670 3428 705 3486 τά
722 3425 791 3502 μεθ’
805 3427 929 3500 Ὅμηρον
943 3429 1141 3501 καταλογάδην
1160 3426 1191 3485 ἐν
1206 3430 1322 3501 βιβλίοις
1336 3428 1381 3497 θ’,

231 3507 345 3580 ’1λιακά)
367 3513 495 3580 Τρωικοῦ
514 3507 670 3582 διακόσμου
690 3513 852 3567 Perizonius
872 3506 1043 3580 ίφημερίδα,
1069 3511 1109 3566 ἔτι
1133 3509 1165 3565 δὲ
1187 3543 1221 3552 -
1240 3506 1343 3565 'licead
1363 3504 1380 3579 ἢ

232 3591 296 3658 περὶ
310 3596 409 3657 Τρωικ.
422 3594 496 3646 διακ.
505 3593 649 3660 Koslcrus,
668 3587 825 3663 ίφημερίδα
843 3592 971 3660 Τρωικοῦ
981 3589 1151 3662 διακόσμου·
1166 3591 1223 3646 ἔστι
1234 3589 1265 3646 δὲ
1276 3587 1379 3646 Ἰλιακά

233 3667 266 3723 τά
282 3665 351 3738 μεθ’
365 3665 487 3740 Ὅμηρον
502 3672 550 3726 καλ
565 3669 599 3727 τὰ
615 3673 679 3741 περὶ
692 3674 740 3742 τῆς
755 3670 884 3742 ἁρπαγῆς
897 3674 1064 3745 Bernhardy
1118 3680 1133 3728 0
1149 3667 1220 3727 καθ’
1233 3665 1294 3742 ”Oia
1310 3672 1379 3726 Gur-

232 3752 336 3805 sclrmid
370 3747 473 3805 Ἰλιακολ
493 3770 543 3822 pro
561 3747 677 3807 Ἰταλικοὶ
697 3771 765 3809 corr.
786 3754 842 3808 Leo
859 3755 983 3809 Allatias
1022 3758 1068 3822 Τρ.
1089 3748 1244 3823 διακόσμου
1258 3749 1292 3807 θ’
1311 3752 1379 3806 Gut-

232 3832 335 3886 selmrid
402 3839 437 3885 10
451 3833 521 3886 hano
535 3832 704 3888 narrationis
719 3834 836 3889 formam
852 3834 1021 3903 Hesychinm
1037 3851 1092 3888 non
1111 3833 1210 3888 decere
1229 3833 1287 3887 dixi
1303 3832 1339 3887 ad
1353 3852 1378 3890 v.

233 3905 398 3978 Ἀνακρέων,
420 3914 592 3982 Δικαίαρχος
607 3915 642 3968 al.
700 3920 731 3967 12
751 3917 853 3977 Δίκτυς
872 3915 976 3969 lemma
990 3915 1108 3969 iteratur
1121 3914 1150 3968 in
1165 3914 1243 3969 codd.
1264 3907 1308 3967 ὅτι
1321 3930 1379 3982 aeq.

233 3991 272 4043 sie
296 3991 331 4043 ab
352 3992 490 4058 Hesychio
514 3994 612 4063 exponi
636 4011 691 4048 non
715 3995 857 4063 poterant,
880 3994 997 4048 meliora
1021 3997 1145 4064 praestat
1163 3994 1253 4048 Eua:
1278 3991 1379 4048 τούτου

235 4067 340 4138 ίστορία
357 4066 465 4140 εὑρέθη
482 4069 528 4126 ἐπὶ
543 4075 695 4142 Κλαυδίου,
711 4069 740 4126 ol
752 4067 780 4125 δ’
797 4067 842 4126 ἐπὶ
859 4075 1001 4141 Νέρωνος,
1019 4074 1154 4145 βασιλέως
1164 4070 1316 4145 Ῥωμαίων,
1330 4075 1380 4144 τῆς

235 4147 345 4220 Κρήτης
364 4147 419 4205 ὑπὸ
442 4155 556 4223 σεισμοῦ
576 4155 795 4222 κατενεχθείσης
814 4155 862 4207 καλ
881 4155 989 4210 πολλῶν
1007 4157 1148 4225 μνημείων
1166 4150 1380 4225 άνεωχθὲντων,

234 4222 274 4285 triv
295 4227 325 4285 ίν
347 4226 389 4285 ε’νλ
409 4225 509 4299 εῦρητο
523 4232 718 4305 γεγραμμένον
736 4235 843 4304 βιβλιόν
863 4233 1005 4305 γράμμασι
1021 4237 1159 4289 Φοινίκων
1173 4233 1222 4287 καλ
1236 4237 1378 4304 μεθερμη-
1435 4274 1438 4278 -

234 4309 327 4381 νεῦθη
347 4307 378 4366 ἐν
396 4312 429 4381 τῇ
448 4308 548 4383 Ἀττικῇ
568 4310 688 4383 γλάσσῃ,
712 4312 848 4383 πεμφθὲν
866 4316 903 4385 τῷ
924 4316 1044 4383 βασιλεῖ,
1070 4305 1103 4368 οῦ
1128 4313 1164 4385 τῷ
1188 4310 1379 4382 προστάγματι

235 4387 414 4461 Σεπτημῖνός
432 4413 473 4454 τις
488 4387 633 4462 Ῥωμαῖος,
653 4389 741 4462 σοφὸς
761 4389 900 4464 ἕκατίραν
915 4391 965 4464 τὴν
980 4395 1120 4464 γλῶτταν,
1139 4393 1179 4457 είς
1197 4392 1249 4464 τὴν
1263 4390 1377 4466 Ῥωμαϊ-

234 4469 288 4542 κην
308 4468 408 4543 φωνὴν
428 4469 600 4543 μετήνεγκεν
667 4479 697 4528 12
718 4468 765 4529 ἐπὶ
779 4478 921 4531 Κλταδίου
935 4479 995 4531 ΔΙᾱ.
1065 4482 1097 4529 14
1117 4472 1291 4546 τεριίχωνλ
