3036 5114
166 312 230 367 XVI
491 359 493 362 .
591 316 875 375 PROLEGOMENA.

344 477 441 543 schol.
464 477 548 543 Plat.
975 482 1089 549 Suidas

170 584 306 666 ,Τίμαιος
333 582 369 647 ἐκ
393 584 535 668 Λοκρῶν
556 587 625 652 τῶν
641 580 724 651 'Eae
757 591 903 674 Τίμαιος,
914 589 1054 674 Λοκρός,
1065 585 1313 673 Πυθαγόρειος.

210 692 386 773 teporatur,
400 692 458 775 τῆς
479 689 515 756 ἐν
530 686 651 780 Ἰταλίᾳ
668 690 724 759 πό·
796 691 1028 782 μαθηματικά,
1060 694 1135 777 περὶ
1168 693 1310 779 φύσεως,

210 800 306 879 λεως,
344 794 531 882 φιλόσοφος
564 796 725 882 Πυθαγό-
796 800 871 887 περὶ
893 803 954 868 τοῦ
978 799 1190 888 Πυθαγόρου
1212 806 1299 888 βίου.

209 926 306 989 pstor.
324 905 447 989 ἔγραψε
460 902 674 989 μαθηματικά
689 930 724 971 τε

209 1008 265 1075 καὶ
280 1009 356 1095 περὶ
371 1007 504 1095 φύσεως
513 1008 723 1098 σύγγραμμα,

208 1111 268 1183 τὸν
293 1114 537 1203 Πυθαγορικὸν
560 1115 695 1201 τρόπον.
1258 1199 1261 1205 ¹

165 1238 234 1314 Quo
254 1241 287 1306 in
310 1241 433 1307 scholio
452 1249 739 1311 commentatorem
759 1268 847 1311 more
867 1268 905 1311 ex
925 1247 1021 1312 solito
1040 1247 1221 1311 uberiorem
1240 1267 1310 1311 esse

164 1347 362 1434 alteramque
381 1347 466 1414 infra
479 1348 704 1433 Hesychianae
725 1353 813 1432 vitae
825 1352 1000 1439 adiungere
1015 1358 1158 1438 apparet.
1187 1351 1310 1437 Deinde

163 1454 343 1519 rectissime
366 1454 527 1522 Mettauer
556 1458 712 1524 iudicavit
736 1459 774 1524 de
797 1460 1042 1546 Aristophanis,
1065 1460 1183 1545 Anyti,
1213 1458 1309 1524 Mele·
1356 1474 1360 1478 ’

164 1560 252 1645 tique
275 1561 353 1626 vitis
378 1562 422 1647 (p.
437 1562 582 1649 227H.),
605 1565 876 1652 ChaerephontiS,
899 1567 1084 1653 Agathonis
1110 1565 1154 1652 (p.
1169 1567 1234 1632 255
1244 1566 1309 1653 Η),

163 1689 259 1751 quam
283 1668 380 1733 etiam
404 1671 438 1734 in
463 1669 563 1736 schol.
583 1670 715 1738 Luciani
734 1673 803 1738 cod.
823 1673 953 1740 Barocc.
970 1674 1012 1739 56
1027 1669 1177 1760 (Cramer
1191 1672 1309 1736 Anecd.

164 1777 263 1839 Oxou.
279 1775 327 1840 IV
347 1800 376 1862 p.
391 1777 470 1863 269)
490 1783 600 1844 extare
615 1780 704 1864 vidit,
722 1780 881 1865 Aspasiae
896 1779 941 1868 (p.
956 1781 1020 1846 329
1028 1778 1094 1867 H.),
1112 1801 1308 1865 quamquam

162 1883 320 1948 nonnulla
342 1904 381 1947 ex
404 1873 589 1970 Agathonis
614 1886 837 1973 Aspasiaeque
861 1888 953 1965 vitis,
985 1887 1075 1953 velut
1097 1886 1239 1969 initium,
1267 1887 1308 1949 ab

33 2003 34 2006 ’
162 1988 320 2073 Hesychii
347 1990 483 2075 ingenio.
508 1995 541 2056 et
572 2015 661 2058 more
689 2016 754 2060 non
779 1995 952 2060 abhorrere
979 2014 1169 2078 persuasum
1194 1991 1308 2057 habeo.

162 2095 313 2162 Ceterum
339 2119 380 2163 ne
404 2098 604 2181 Pythoclidis
633 2101 761 2185 quidem
788 2103 890 2167 vitam
918 2099 962 2187 (p.
982 2102 1046 2167 279
1062 2099 1133 2185 H.),
1160 2099 1306 2181 quamvis

161 2224 239 2268 nuru
273 2226 311 2268 ex
342 2203 504 2288 Hesychio
537 2205 665 2271 fluxerit
696 2204 829 2271 dubium
858 2207 913 2293 sit,
947 2208 1076 2273 silentio
1103 2207 1307 2290 praetermit-

109 2371 119 2384 ,
162 2314 230 2374 tere
254 2311 343 2377 libet.

250 2417 452 2483 Difficillime
480 2424 589 2484 autem
613 2421 761 2505 quaestio
785 2420 823 2485 de
847 2419 982 2505 Sibyllis
1006 2417 1068 2505 (VI
1091 2444 1122 2505 p.
1137 2420 1202 2484 269
1227 2417 1306 2505 seq.)

161 2530 252 2591 mota
279 2531 343 2610 est,
369 2532 540 2612 postquam
564 2526 726 2593 Mettauer
752 2551 783 2613 p.
798 2529 840 2593 58
869 2527 931 2592 hoc
955 2548 1081 2611 quoque
1105 2525 1251 2591 scholion
1276 2532 1308 2588 et

162 2633 332 2719 Anonymi·
349 2634 383 2699 in
404 2631 549 2699 Crameri
569 2635 687 2700 Anecd.
701 2635 773 2699 Par.
788 2632 803 2697 Ι
821 2658 852 2719 p.
868 2634 933 2698 332
952 2654 1017 2717 seq.
1032 2636 1065 2696 et
1083 2633 1190 2699 Anon.
1207 2631 1307 2716 praef.

160 2738 252 2806 Orac.
276 2739 341 2806 sib.
367 2738 430 2828 (ed.
452 2741 543 2805 Alex.
566 2763 597 2825 p.
626 2739 681 2826 16)
717 2763 755 2804 ex
787 2739 951 2825 Hesychio
985 2739 1115 2805 fluxisse
1148 2739 1306 2825 exposuit.

160 2844 361 2933 Sibyllarum
385 2869 460 2913 vero
485 2847 580 2932 vitas,
594 2869 683 2932 quae
707 2848 741 2911 in
761 2845 878 2912 Suidae
897 2847 999 2912 lexico
1019 2849 1212 2912 enarrantur
1230 2844 1265 2931 (i.
1280 2867 1305 2908 e.

160 2953 385 3039 'l'hesprotidis
410 2961 443 3021 et
466 2956 624 3038 omnium,
648 2977 730 3040 quae
755 2952 974 3040 antecedunt),
997 2956 1024 3019 si
1048 2953 1088 3018 ad
1107 2952 1305 3038 Hesychium

159 3062 343 3146 referimus,
366 3061 486 3147 quade
507 3085 541 3127 re
560 3060 752 3145 Maassium,
775 3060 813 3125 de
833 3059 900 3127 sib.
914 3084 946 3145 p.
961 3062 1004 3125 55
1028 3083 1093 3145 seq.
1116 3064 1202 3124 reete
1225 3059 1305 3124 iudi-

159 3190 248 3233 casse
277 3169 384 3252 video,
411 3168 550 3234 indicem
578 3168 798 3252 Platonicum,
827 3169 883 3251 qui
910 3190 930 3232 a
957 3169 1033 3248 Σιβ.
1062 3162 1231 3251 Σαμβήθη
1260 3168 1305 3230 in-

158 3275 255 3341 cohat
283 3275 385 3363 (quod
414 3297 532 3341 nomen
561 3297 758 3360 anonymum
785 3275 921 3359 praelat.
946 3273 1037 3339 Orac.
1061 3273 1081 3339 l.
1100 3295 1125 3339 c.
1144 3272 1305 3338 addidisse

160 3381 270 3448 docuit
288 3383 398 3448 Maass
421 3407 453 3468 p.
468 3386 510 3450 38
531 3407 596 3470 seq.
614 3386 648 3448 et
665 3381 724 3471 43)
747 3382 785 3446 de
804 3382 978 3467 Anonymo
999 3381 1138 3466 pendere
1157 3384 1303 3464 apertum

158 3494 217 3555 est.
226 3488 249 3576 ¹)
296 3491 409 3555 Altera
436 3496 544 3556 autem
568 3495 657 3557 extat
679 3489 826 3577 quaestio
832 3541 841 3574 ,
869 3512 946 3554 num
971 3488 1133 3575 eopiosior
1157 3486 1302 3571 Sibyllae

158 3595 341 3662 Chaldaeae
360 3599 437 3681 vita,
455 3621 552 3684 quam
570 3598 817 3663 illustraverunt
834 3601 963 3682 praeter
983 3597 1082 3662 schol.
1100 3594 1301 3660 Platonicum

158 3705 350 3788 Anonymus
369 3706 403 3768 in
418 3703 557 3769 Cramer.
572 3704 690 3769 Anecd.
705 3705 726 3769 l.
740 3727 764 3770 c.
780 3727 844 3789 seq.
860 3708 893 3768 et
910 3705 980 3789 ipse
1003 3703 1128 3788 suidas,
1146 3701 1302 3788 Hesychii

157 3834 228 3878 esse
251 3812 409 3877 credenda
432 3813 484 3878 sit.
530 3811 621 3887 Quod
649 3812 782 3897 negavit
805 3811 912 3876 Maass
940 3834 970 3896 p.
989 3813 1032 3876 56
1060 3813 1193 3897 propter
1221 3808 1302 3872 chri·

230 3982 422 4060 1)''Auonymo
441 4005 491 4046 sua
505 3987 698 4060 suppeditavit
711 3987 882 4056 Lactantius,
900 3987 968 4041 lust
983 3986 1004 4052 1,
1019 3991 1034 4040 6
1050 4001 1118 4054 seq,
1136 3982 1185 4054 q'ui
1203 3984 1302 4039 Varro·

157 4069 201 4124 nis
224 4070 385 4126 testimonio
408 4071 504 4126 utitur.
542 4070 651 4126 Primus
675 4069 816 4140 perspexit
839 4067 1011 4134 Alexandra,
1034 4069 1100 4135 post
1122 4081 1186 4119 eum
1210 4063 1302 4118 Massa

158 4150 175 4203 l.
195 4167 219 4205 c.
238 4167 265 4220 p.
281 4156 315 4205 37
330 4167 387 4220 seq.
426 4151 504 4217 Quae
527 4152 667 4206 infirmare
690 4150 795 4204 frustra
818 4147 912 4203 studet
931 4148 1070 4201 liettauer
1089 4146 1106 4199 l.
1126 4161 1148 4198 c.
1169 4175 1202 4184 —
1226 4144 1301 4198 Idem

158 4231 188 4284 iu
208 4246 241 4285 eo
260 4247 369 4299 quoque
388 4231 506 4299 erravit,
524 4232 598 4300 quod
617 4232 690 4285 vitas
709 4230 806 4284 decem
825 4229 996 4298 Sibyllarum
1014 4245 1032 4281 a
1049 4225 1207 4296 praelatore
1223 4224 1302 4280 Orac.

158 4311 215 4365 Sil).
234 4312 253 4366 l.
272 4329 294 4366 c.
314 4311 416 4381 (Mases
431 4331 456 4382 p.
473 4317 519 4379 38)
533 4329 566 4366 ex
582 4312 721 4381 Hesychio
736 4310 889 4380 descriptas
903 4308 1022 4374 iudicat,
1041 4322 1209 4374 quamquam
1225 4322 1299 4374 pror-

158 4411 204 4446 sus
223 4392 346 4447 diversas
364 4410 411 4448 eas
430 4410 490 4447 esse
509 4396 627 4448 constat.
662 4394 790 4448 Ceterum
811 4391 844 4444 cf.
864 4406 936 4458 quae
955 4387 1013 4441 dixi
1028 4387 1126 4441 Annal.
1144 4387 1212 4454 phil.
1233 4391 1297 4439 1881

158 4491 183 4543 p.
201 4480 251 4527 106
267 4492 324 4544 seq.
