3036 5114
232 319 271 373 Vl
701 315 914 371 PRAEFATIO.

232 480 473 559 Gutschmid,
491 481 525 545 in
545 503 654 565 quem,
673 480 802 565 opinor,
819 481 936 545 melius
956 480 1118 563 convenit,
1136 479 1220 564 quod
1242 479 1280 544 de
1294 478 1378 545 Lon·

232 571 310 657 gino
330 570 452 635 dictum
473 574 535 634 est:
562 566 801 655 βιβλιοθήκῃ
827 593 886 646 τις
910 559 957 653 ἦν
987 571 1159 654 ἔμψυχος
1183 566 1247 633 καὶ
1272 591 1378 652 περι-

233 660 385 724 πατοῦν
410 669 618 742 μουσεῖον,
646 658 701 743 qui
729 681 854 724 summa
881 681 954 725 cum
983 659 1209 724 benevolentia
1234 657 1378 722 omnium

105 769 107 773 ·
232 748 461 814 historicorum
480 748 566 813 vitas
581 748 742 813 recensuit
760 768 978 833 magnumque
992 748 1248 813 coniecturarum
1267 769 1377 812 nume-

234 860 304 903 rum
325 859 450 902 mecum
469 839 571 904 amice
590 837 850 903 communicavit.
881 836 997 902 Hercle
1011 836 1091 901 milri
1105 836 1145 901 ad
1163 835 1262 901 Plinii
1276 857 1378 901 exem·

233 928 325 1012 plum
344 925 440 991 fateri
458 925 547 992 licet:
571 925 665 990 mihi
688 932 806 1009 corte,
829 927 1009 1010 quotiens
1033 925 1182 1010 aliquid
1206 925 1378 991 abditum

235 1037 390 1101 quaero,
417 1015 485 1080 ille
513 1015 718 1080 thesaurus
742 1020 809 1080 est.
850 1012 918 1081 Neo
945 1016 1052 1080 minus
1079 1019 1190 1101 grates
1217 1014 1378 1079 debendae

234 1106 273 1170 Α.
292 1104 444 1170 Daubio
462 1103 684 1191 Friburgensi,
707 1104 761 1189 qui
781 1109 953 1189 postquam
972 1127 1030 1190 per
1050 1104 1178 1170 litteras
1198 1103 1279 1168 mihi
1299 1103 1378 1168 mul·

233 1201 286 1260 tas
304 1194 355 1258 vol
376 1194 616 1259 emendationes
639 1195 689 1258 vel
712 1194 914 1259 coniecturas
942 1193 982 1258 ad
1005 1192 1161 1278 Hesychii
1187 1193 1273 1258 vitas
1299 1214 1378 1257 non·

234 1283 309 1348 dum
341 1283 524 1367 publicatas
556 1284 607 1347 vel
640 1283 743 1348 adhuc
775 1283 809 1348 in
837 1283 1056 1366 manuscripto
1088 1281 1251 1365 depositas
1280 1281 1380 1364 misit,

234 1373 373 1455 benigne
398 1373 495 1437 etiam
519 1394 644 1437 mecum
668 1372 850 1457 corrigendi
873 1370 1057 1437 molestiam
1081 1371 1222 1454 suscepit
1244 1371 1379 1455 insigni·

239 1483 300 1546 que
324 1483 395 1527 cum
419 1460 580 1526 industria
598 1461 733 1546 peregit.
768 1461 837 1526 Nec
860 1461 976 1525 merita
998 1460 1092 1525 laude
1112 1459 1309 1524 fraudandus
1330 1464 1381 1524 est

234 1551 380 1616 Paulus
399 1550 549 1636 Knapp‚
567 1551 732 1636 professor
750 1550 912 1636 gymnasii
931 1549 1164 1635 TubingensiS‚
1184 1550 1239 1635 qui
1259 1552 1292 1614 ct
1309 1549 1379 1632 ipse

194 1655 197 1662 '
235 1640 452 1705 emendationi
476 1661 608 1724 operam
631 1639 727 1706 dedit.

326 1745 447 1832 Scripsi
470 1768 580 1812 meuse
603 1746 775 1813 Decembri
802 1748 895 1813 1881.
960 1814 968 1825 ,
