<?xml version="1.0" encoding="UTF-8"?>
<!DOCTYPE html PUBLIC "-//W3C//DTD XHTML 1.0 Transitional//EN"
    "http://www.w3.org/TR/xhtml1/DTD/xhtml1-transitional.dtd">
<html xmlns="http://www.w3.org/1999/xhtml" xml:lang="en" lang="en">
 <head>
  <title>
</title>
<meta http-equiv="Content-Type" content="text/html;charset=utf-8" />
  <meta name='ocr-system' content='tesseract 3.04.00' />
  <meta name='ocr-capabilities' content='ocr_page ocr_carea ocr_par ocr_line ocrx_word'/>
</head>
<body>
  <div class='ocr_page' id='page_1' title='image "./hesychiimilesii01flacgoog_0181.png"; bbox 0 0 3036 5114; ppageno 0'>
   <div class='ocr_carea' id='block_1_1' title="bbox 213 298 925 391">
    <p class='ocr_par' dir='ltr' id='par_1_1' title="bbox 213 298 925 391">
     <span class='ocr_line' id='line_1_1' title="bbox 213 298 925 391; baseline -0.001 -3"><span class='ocrx_word' id='word_1_1' title='bbox 213 326 276 391; x_wconf 89' lang='lat'><strong><em>100</em></strong></span> <span class='ocrx_word' id='word_1_2' title='bbox 675 331 888 389; x_wconf 78' lang='lat' dir='ltr'><strong>flesrcffibs.</strong></span> <span class='ocrx_word' id='word_1_3' title='bbox 921 298 925 305; x_wconf 75' lang='grc'><em>’</em></span> 
     </span>
    </p>
   </div>
   <div class='ocr_carea' id='block_1_2' title="bbox 79 489 1362 2419">
    <p class='ocr_par' dir='ltr' id='par_1_2' title="bbox 208 489 1358 794">
     <span class='ocr_line' id='line_1_2' title="bbox 298 489 1358 584; baseline 0.008 -27"><span class='ocrx_word' id='word_1_4' title='bbox 298 489 527 560; x_wconf 71' lang='lat' dir='ltr'>CCCLXXIV.</span> <span class='ocrx_word' id='word_1_5' title='bbox 562 492 734 579; x_wconf 80' lang='grc' dir='ltr'><strong><em>Θησεὺς</em></strong></span> <span class='ocrx_word' id='word_1_6' title='bbox 753 494 926 583; x_wconf 74' lang='grc' dir='ltr'><strong><em>ἱστορικός.</em></strong></span> <span class='ocrx_word' id='word_1_7' title='bbox 964 500 1060 580; x_wconf 91' lang='grc' dir='ltr'><strong><em>βιόυς</em></strong></span> <span class='ocrx_word' id='word_1_8' title='bbox 1078 495 1227 577; x_wconf 78' lang='grc' dir='ltr'><strong><em>ἐνδόξων</em></strong></span> <span class='ocrx_word' id='word_1_9' title='bbox 1245 497 1282 564; x_wconf 78' lang='grc' dir='ltr'><strong><em>ἐν</em></strong></span> <span class='ocrx_word' id='word_1_10' title='bbox 1306 503 1358 584; x_wconf 92' lang='grc' dir='ltr'><strong><em>βι-</em></strong></span> 
     </span>
     <span class='ocr_line' id='line_1_3' title="bbox 208 593 1358 693; baseline 0.008 -31"><span class='ocrx_word' id='word_1_11' title='bbox 208 601 316 681; x_wconf 91' lang='grc' dir='ltr'><strong><em>βλίοις</em></strong></span> <span class='ocrx_word' id='word_1_12' title='bbox 338 596 378 682; x_wconf 85' lang='grc' dir='ltr'><strong><em>ε’,</em></strong></span> <span class='ocrx_word' id='word_1_13' title='bbox 402 598 616 685; x_wconf 80' lang='grc' dir='ltr'><strong><em>Κορινθιακά</em></strong></span> <span class='ocrx_word' id='word_1_14' title='bbox 640 601 676 668; x_wconf 80' lang='grc' dir='ltr'><strong><em>ἐν</em></strong></span> <span class='ocrx_word' id='word_1_15' title='bbox 700 607 844 687; x_wconf 78' lang='grc' dir='ltr'><strong><em>βιβλίοις</em></strong></span> <span class='ocrx_word' id='word_1_16' title='bbox 871 601 916 687; x_wconf 89' lang='grc' dir='ltr'><strong><em>γ’,</em></strong></span> <span class='ocrx_word' id='word_1_17' title='bbox 940 603 977 670; x_wconf 83' lang='grc' dir='ltr'><strong><em>ἐν</em></strong></span> <span class='ocrx_word' id='word_1_18' title='bbox 1000 593 1027 693; x_wconf 78' lang='grc' dir='ltr'><em>ᾦ</em></span> <span class='ocrx_word' id='word_1_19' title='bbox 1052 607 1151 690; x_wconf 82' lang='grc' dir='ltr'><strong><em>δηλοῖ</em></strong></span> <span class='ocrx_word' id='word_1_20' title='bbox 1172 601 1234 691; x_wconf 86' lang='grc' dir='ltr'><strong><em>τήν</em></strong></span> <span class='ocrx_word' id='word_1_21' title='bbox 1256 603 1358 671; x_wconf 86' lang='grc' dir='ltr'><strong><em>κατά-</em></strong></span> 
     </span>
     <span class='ocr_line' id='line_1_4' title="bbox 209 703 793 794; baseline 0.015 -26"><span class='ocrx_word' id='word_1_22' title='bbox 209 721 327 770; x_wconf 88' lang='grc' dir='ltr'><strong><em>στασιν</em></strong></span> <span class='ocrx_word' id='word_1_23' title='bbox 351 708 412 770; x_wconf 84' lang='grc' dir='ltr'><strong><em>τοῦ</em></strong></span> <span class='ocrx_word' id='word_1_24' title='bbox 432 703 628 794; x_wconf 82' lang='grc' dir='ltr'><strong><em>Ἰσθμιακοῦ</em></strong></span> <span class='ocrx_word' id='word_1_25' title='bbox 652 705 793 793; x_wconf 89' lang='grc' dir='ltr'><strong><em>άγῶνος.</em></strong></span> 
     </span>
    </p>

    <p class='ocr_par' dir='ltr' id='par_1_3' title="bbox 297 829 1357 921">
     <span class='ocr_line' id='line_1_5' title="bbox 297 829 1357 921; baseline 0.008 -26"><span class='ocrx_word' id='word_1_26' title='bbox 297 829 506 897; x_wconf 78' lang='lat' dir='ltr'>CCCLXXV.</span> <span class='ocrx_word' id='word_1_27' title='bbox 538 837 793 920; x_wconf 78' lang='grc' dir='ltr'><em>Θουκυδίδης</em></span> <span class='ocrx_word' id='word_1_28' title='bbox 819 831 958 921; x_wconf 77' lang='grc' dir='ltr'><em>Ὀλόρου</em></span> <span class='ocrx_word' id='word_1_29' title='bbox 979 831 1168 921; x_wconf 69' lang='grc' dir='ltr'><strong><em>Ἀθηναῖος,</em></strong></span> <span class='ocrx_word' id='word_1_30' title='bbox 1191 840 1294 904; x_wconf 74' lang='grc' dir='ltr'><strong><em>παῖδα</em></strong></span> <span class='ocrx_word' id='word_1_31' title='bbox 1318 836 1357 905; x_wconf 72' lang='grc' dir='ltr'><strong><em>δὲ</em></strong></span> 
     </span>
    </p>

    <p class='ocr_par' dir='ltr' id='par_1_4' title="bbox 79 931 1414 2100">
     <span class='ocr_line' id='line_1_6' title="bbox 181 931 1356 1033; baseline 0.009 -31"><span class='ocrx_word' id='word_1_32' title='bbox 181 940 282 1023; x_wconf 80' lang='grc' dir='ltr'><strong><em>εέσχε</em></strong></span> <span class='ocrx_word' id='word_1_33' title='bbox 309 936 486 1023; x_wconf 87' lang='grc' dir='ltr'><strong><em>Τιμόθεον.</em></strong></span> <span class='ocrx_word' id='word_1_34' title='bbox 519 931 561 1024; x_wconf 75' lang='grc' dir='ltr'><strong><em>τ’,ν</em></strong></span> <span class='ocrx_word' id='word_1_35' title='bbox 586 939 622 1008; x_wconf 69' lang='grc' dir='ltr'><strong><em>δὲ</em></strong></span> <span class='ocrx_word' id='word_1_36' title='bbox 646 937 711 1007; x_wconf 84' lang='grc' dir='ltr'><strong><em>άπὸ</em></strong></span> <span class='ocrx_word' id='word_1_37' title='bbox 734 939 796 1027; x_wconf 75' lang='grc' dir='ltr'><strong><em>μὲν</em></strong></span> <span class='ocrx_word' id='word_1_38' title='bbox 819 941 943 1025; x_wconf 85' lang='grc' dir='ltr'><strong><em>πατρὸς</em></strong></span> <span class='ocrx_word' id='word_1_39' title='bbox 967 945 1158 1012; x_wconf 78' lang='grc' dir='ltr'><em>Μιλτιάδου</em></span> <span class='ocrx_word' id='word_1_40' title='bbox 1178 948 1239 1013; x_wconf 84' lang='grc' dir='ltr'><strong><em>τοῦ</em></strong></span> <span class='ocrx_word' id='word_1_41' title='bbox 1258 963 1356 1033; x_wconf 87' lang='grc' dir='ltr'><strong><em>στρα-</em></strong></span> 
     </span>
     <span class='ocr_line' id='line_1_7' title="bbox 207 1044 1357 1140; baseline 0.008 -28"><span class='ocrx_word' id='word_1_42' title='bbox 207 1048 310 1131; x_wconf 83' lang='grc' dir='ltr'><strong><em>τηγοῦ</em></strong></span> <span class='ocrx_word' id='word_1_43' title='bbox 338 1044 376 1114; x_wconf 90' lang='grc' dir='ltr'><strong><em>τὸ</em></strong></span> <span class='ocrx_word' id='word_1_44' title='bbox 404 1047 501 1131; x_wconf 77' lang='grc' dir='ltr'><strong><em>γένος</em></strong></span> <span class='ocrx_word' id='word_1_45' title='bbox 524 1047 644 1132; x_wconf 79' lang='grc' dir='ltr'><strong><em>ἕλκων,</em></strong></span> <span class='ocrx_word' id='word_1_46' title='bbox 674 1044 739 1114; x_wconf 86' lang='grc' dir='ltr'><strong><em>άπὸ</em></strong></span> <span class='ocrx_word' id='word_1_47' title='bbox 764 1047 801 1115; x_wconf 76' lang='grc' dir='ltr'><strong><em>δὲ</em></strong></span> <span class='ocrx_word' id='word_1_48' title='bbox 824 1048 948 1135; x_wconf 89' lang='grc' dir='ltr'><strong><em>μητρὸς</em></strong></span> <span class='ocrx_word' id='word_1_49' title='bbox 968 1045 1106 1134; x_wconf 83' lang='grc' dir='ltr'><em>Ὀλόρου</em></span> <span class='ocrx_word' id='word_1_50' title='bbox 1127 1055 1189 1119; x_wconf 83' lang='grc' dir='ltr'><strong><em>τοῦ</em></strong></span> <span class='ocrx_word' id='word_1_51' title='bbox 1212 1056 1357 1140; x_wconf 79' lang='grc' dir='ltr'><strong><em>Θρᾳκῶν</em></strong></span> 
     </span>
     <span class='ocr_line' id='line_1_8' title="bbox 207 1150 1356 1247; baseline 0.01 -27"><span class='ocrx_word' id='word_1_52' title='bbox 207 1155 379 1239; x_wconf 85' lang='grc' dir='ltr'><strong><em>βασιλέως,</em></strong></span> <span class='ocrx_word' id='word_1_53' title='bbox 407 1150 559 1240; x_wconf 87' lang='grc' dir='ltr'><strong><em>μαθητής</em></strong></span> <span class='ocrx_word' id='word_1_54' title='bbox 578 1150 808 1241; x_wconf 75' lang='grc' dir='ltr'><strong><em>Ἀντιφῶντος.</em></strong></span> <span class='ocrx_word' id='word_1_55' title='bbox 846 1153 965 1243; x_wconf 78' lang='grc' dir='ltr'><strong><em>ἤκμαζε</em></strong></span> <span class='ocrx_word' id='word_1_56' title='bbox 988 1157 1070 1224; x_wconf 83' lang='grc' dir='ltr'><strong><em>κατὰ</em></strong></span> <span class='ocrx_word' id='word_1_57' title='bbox 1093 1157 1154 1245; x_wconf 89' lang='grc' dir='ltr'><strong><em>τήν</em></strong></span> <span class='ocrx_word' id='word_1_58' title='bbox 1177 1159 1230 1241; x_wconf 80' lang='grc' dir='ltr'><strong><em>κζ’</em></strong></span> <span class='ocrx_word' id='word_1_59' title='bbox 1255 1158 1356 1247; x_wconf 91' lang='grc' dir='ltr'><strong><em>όλυμ-</em></strong></span> 
     </span>
     <span class='ocr_line' id='line_1_9' title="bbox 206 1259 1355 1353; baseline 0.008 -27"><span class='ocrx_word' id='word_1_60' title='bbox 206 1259 320 1327; x_wconf 91' lang='grc' dir='ltr'><strong><em>πιάδα.</em></strong></span> <span class='ocrx_word' id='word_1_61' title='bbox 374 1266 497 1347; x_wconf 78' lang='grc' dir='ltr'><strong><em>ἔγραφε</em></strong></span> <span class='ocrx_word' id='word_1_62' title='bbox 532 1260 568 1328; x_wconf 77' lang='grc' dir='ltr'><strong><em>δὲ</em></strong></span> <span class='ocrx_word' id='word_1_63' title='bbox 603 1261 665 1330; x_wconf 86' lang='grc' dir='ltr'><strong><em>τὸν</em></strong></span> <span class='ocrx_word' id='word_1_64' title='bbox 701 1261 848 1350; x_wconf 89' lang='grc' dir='ltr'><strong><em>πόλεμον</em></strong></span> <span class='ocrx_word' id='word_1_65' title='bbox 879 1268 948 1331; x_wconf 90' lang='grc' dir='ltr'><strong><em>τῶν</em></strong></span> <span class='ocrx_word' id='word_1_66' title='bbox 981 1272 1267 1353; x_wconf 77' lang='grc' dir='ltr'><strong><em>Πελοποννησίων</em></strong></span> <span class='ocrx_word' id='word_1_67' title='bbox 1298 1266 1355 1335; x_wconf 77' lang='grc' dir='ltr'><strong><em>καί</em></strong></span> 
     </span>
     <span class='ocr_line' id='line_1_10' title="bbox 204 1359 1362 1457; baseline 0.006 -23"><span class='ocrx_word' id='word_1_68' title='bbox 204 1363 403 1453; x_wconf 79' lang='grc' dir='ltr'><strong><em>Ἀθηναίων.</em></strong></span> <span class='ocrx_word' id='word_1_69' title='bbox 437 1359 550 1453; x_wconf 80' lang='grc' dir='ltr'><strong><em>[οὗτος</em></strong></span> <span class='ocrx_word' id='word_1_70' title='bbox 572 1367 716 1455; x_wconf 76' lang='grc' dir='ltr'><strong><em>ἤκουσεν</em></strong></span> <span class='ocrx_word' id='word_1_71' title='bbox 741 1374 787 1437; x_wconf 84' lang='grc' dir='ltr'><strong><em>ἔτι</em></strong></span> <span class='ocrx_word' id='word_1_72' title='bbox 809 1384 886 1450; x_wconf 82' lang='grc' dir='ltr'><strong><em>παῖς</em></strong></span> <span class='ocrx_word' id='word_1_73' title='bbox 904 1369 1081 1457; x_wconf 75' lang='grc' dir='ltr'><strong><em>τυγχάνων</em></strong></span> <span class='ocrx_word' id='word_1_74' title='bbox 1094 1369 1281 1457; x_wconf 81' lang='grc' dir='ltr'><em>Ἡροδότου</em></span> <span class='ocrx_word' id='word_1_75' title='bbox 1301 1372 1362 1441; x_wconf 72' lang='grc' dir='ltr'><strong><em>ἐπὶ.</em></strong></span> 
     </span>
     <span class='ocr_line' id='line_1_11' title="bbox 167 1470 1352 1566; baseline 0.003 -22"><span class='ocrx_word' id='word_1_76' title='bbox 167 1505 193 1544; x_wconf 85' lang='grc' dir='ltr'><strong><em>ιο</em></strong></span> <span class='ocrx_word' id='word_1_77' title='bbox 205 1477 263 1560; x_wconf 81' lang='grc' dir='ltr'><strong><em>τῆς</em></strong></span> <span class='ocrx_word' id='word_1_78' title='bbox 283 1470 459 1562; x_wconf 89' lang='grc' dir='ltr'><strong><em>Ὀλυμπίας</em></strong></span> <span class='ocrx_word' id='word_1_79' title='bbox 480 1474 538 1554; x_wconf 84' lang='grc' dir='ltr'><strong><em>τὰς</em></strong></span> <span class='ocrx_word' id='word_1_80' title='bbox 561 1479 709 1563; x_wconf 72' lang='grc' dir='ltr'><strong><em>ἱστορίας</em></strong></span> <span class='ocrx_word' id='word_1_81' title='bbox 734 1478 952 1564; x_wconf 74' lang='grc' dir='ltr'><strong><em>διερχομένου</em></strong></span> <span class='ocrx_word' id='word_1_82' title='bbox 971 1473 1009 1558; x_wconf 79' lang='grc' dir='ltr'><strong><em>ἃς</em></strong></span> <span class='ocrx_word' id='word_1_83' title='bbox 1029 1479 1272 1566; x_wconf 82' lang='grc' dir='ltr'><strong><em>συνεγράψατο,</em></strong></span> <span class='ocrx_word' id='word_1_84' title='bbox 1295 1479 1352 1547; x_wconf 78' lang='grc' dir='ltr'><strong><em>καὶ</em></strong></span> 
     </span>
     <span class='ocr_line' id='line_1_12' title="bbox 204 1579 1349 1673; baseline 0.008 -27"><span class='ocrx_word' id='word_1_85' title='bbox 204 1580 356 1665; x_wconf 80' lang='grc' dir='ltr'><strong><em>κινηθεὶς</em></strong></span> <span class='ocrx_word' id='word_1_86' title='bbox 384 1579 450 1650; x_wconf 85' lang='grc' dir='ltr'><strong><em>ὑπό</em></strong></span> <span class='ocrx_word' id='word_1_87' title='bbox 478 1610 570 1662; x_wconf 92' lang='grc' dir='ltr'><strong><em>τινος</em></strong></span> <span class='ocrx_word' id='word_1_88' title='bbox 598 1584 850 1669; x_wconf 79' lang='grc' dir='ltr'><strong><em>ἐνθουσιασμοῦ</em></strong></span> <span class='ocrx_word' id='word_1_89' title='bbox 876 1584 1005 1671; x_wconf 82' lang='grc' dir='ltr'><strong><em>πλήρης</em></strong></span> <span class='ocrx_word' id='word_1_90' title='bbox 1027 1584 1184 1673; x_wconf 83' lang='grc' dir='ltr'><strong><em>δακρύων</em></strong></span> <span class='ocrx_word' id='word_1_91' title='bbox 1208 1588 1349 1673; x_wconf 77' lang='grc' dir='ltr'><strong><em>ἐγένετο.</em></strong></span> 
     </span>
     <span class='ocr_line' id='line_1_13' title="bbox 204 1685 1353 1780; baseline 0.008 -27"><span class='ocrx_word' id='word_1_92' title='bbox 204 1687 260 1754; x_wconf 78' lang='grc' dir='ltr'><strong><em>καί</em></strong></span> <span class='ocrx_word' id='word_1_93' title='bbox 298 1685 315 1756; x_wconf 89' lang='grc' dir='ltr'>ὁ</span> <span class='ocrx_word' id='word_1_94' title='bbox 345 1686 527 1778; x_wconf 87' lang='grc' dir='ltr'><strong><em>Ἡρόδοτος</em></strong></span> <span class='ocrx_word' id='word_1_95' title='bbox 558 1689 767 1777; x_wconf 82' lang='grc' dir='ltr'><strong><em>κατανοήσας</em></strong></span> <span class='ocrx_word' id='word_1_96' title='bbox 802 1690 864 1778; x_wconf 88' lang='grc' dir='ltr'><strong><em>τήν</em></strong></span> <span class='ocrx_word' id='word_1_97' title='bbox 901 1690 1006 1761; x_wconf 82' lang='grc' dir='ltr'><strong><em>αὐτοῦ</em></strong></span> <span class='ocrx_word' id='word_1_98' title='bbox 1038 1693 1144 1780; x_wconf 82' lang='grc' dir='ltr'><strong><em>φύσιν</em></strong></span> <span class='ocrx_word' id='word_1_99' title='bbox 1176 1692 1259 1778; x_wconf 85' lang='grc' dir='ltr'><strong><em>πρὸς</em></strong></span> <span class='ocrx_word' id='word_1_100' title='bbox 1290 1693 1353 1762; x_wconf 88' lang='grc' dir='ltr'><strong><em>τὸν</em></strong></span> 
     </span>
     <span class='ocr_line' id='line_1_14' title="bbox 79 1796 1352 1889; baseline 0.006 -28"><span class='ocrx_word' id='word_1_101' title='bbox 79 1876 89 1889; x_wconf 87' lang='lat'>.</span> <span class='ocrx_word' id='word_1_102' title='bbox 205 1796 329 1880; x_wconf 80' lang='grc' dir='ltr'><strong><em>πατέρα</em></strong></span> <span class='ocrx_word' id='word_1_103' title='bbox 347 1802 562 1867; x_wconf 83' lang='grc' dir='ltr'><strong><em>Θουκυδίδου</em></strong></span> <span class='ocrx_word' id='word_1_104' title='bbox 576 1796 720 1885; x_wconf 85' lang='grc' dir='ltr'><strong><em>Ὅλορον</em></strong></span> <span class='ocrx_word' id='word_1_105' title='bbox 745 1804 807 1885; x_wconf 84' lang='grc' dir='ltr'><strong><em>ἔφη</em></strong></span> <span class='ocrx_word' id='word_1_106' title='bbox 832 1800 1014 1887; x_wconf 60' lang='grc' dir='ltr'><strong><em>*μακαριζω</em></strong></span> <span class='ocrx_word' id='word_1_107' title='bbox 1039 1819 1076 1869; x_wconf 91' lang='grc' dir='ltr'><strong><em>σε</em></strong></span> <span class='ocrx_word' id='word_1_108' title='bbox 1096 1806 1155 1888; x_wconf 90' lang='grc' dir='ltr'><strong><em>τής</em></strong></span> <span class='ocrx_word' id='word_1_109' title='bbox 1173 1799 1352 1886; x_wconf 83' lang='grc' dir='ltr'><strong><em>εὐτεκνίας,</em></strong></span> 
     </span>
     <span class='ocr_line' id='line_1_15' title="bbox 195 1901 1353 1995; baseline 0.005 -25"><span class='ocrx_word' id='word_1_110' title='bbox 195 1901 326 1989; x_wconf 88' lang='grc' dir='ltr'><strong><em>Ὄλορε·</em></strong></span> <span class='ocrx_word' id='word_1_111' title='bbox 362 1902 379 1971; x_wconf 89' lang='grc' dir='ltr'>ὁ</span> <span class='ocrx_word' id='word_1_112' title='bbox 414 1903 477 1991; x_wconf 84' lang='grc' dir='ltr'><strong><em>γὰρ</em></strong></span> <span class='ocrx_word' id='word_1_113' title='bbox 508 1905 566 1987; x_wconf 93' lang='grc' dir='ltr'><strong><em>σὸς</em></strong></span> <span class='ocrx_word' id='word_1_114' title='bbox 594 1903 668 1985; x_wconf 86' lang='grc' dir='ltr'><strong><em>υίὸς</em></strong></span> <span class='ocrx_word' id='word_1_115' title='bbox 696 1904 852 1991; x_wconf 80' lang='grc' dir='ltr'><strong><em>ὀργῶσαν</em></strong></span> <span class='ocrx_word' id='word_1_116' title='bbox 880 1912 945 1994; x_wconf 83' lang='grc' dir='ltr'><strong><em>ἔχει</em></strong></span> <span class='ocrx_word' id='word_1_117' title='bbox 973 1905 1035 1994; x_wconf 88' lang='grc' dir='ltr'><strong><em>τήν</em></strong></span> <span class='ocrx_word' id='word_1_118' title='bbox 1062 1907 1174 1995; x_wconf 74' lang='grc' dir='ltr'><strong><em>ψυχήν</em></strong></span> <span class='ocrx_word' id='word_1_119' title='bbox 1202 1907 1285 1994; x_wconf 88' lang='grc' dir='ltr'><strong><em>πρὸς</em></strong></span> <span class='ocrx_word' id='word_1_120' title='bbox 1311 1906 1353 1976; x_wconf 84' lang='grc' dir='ltr'><strong><em>τά</em></strong></span> 
     </span>
     <span class='ocr_line' id='line_1_16' title="bbox 166 2000 1161 2100; baseline -0.001 -18"><span class='ocrx_word' id='word_1_121' title='bbox 166 2041 193 2082; x_wconf 89' lang='lat' dir='ltr'><strong><em>1s</em></strong></span> <span class='ocrx_word' id='word_1_122' title='bbox 207 2010 416 2098; x_wconf 86' lang='grc' dir='ltr'><strong><em>μαθήματα’.</em></strong></span> <span class='ocrx_word' id='word_1_123' title='bbox 461 2013 517 2080; x_wconf 85' lang='grc' dir='ltr'><strong><em>καὶ</em></strong></span> <span class='ocrx_word' id='word_1_124' title='bbox 541 2011 603 2081; x_wconf 80' lang='grc' dir='ltr'><strong><em>οὐκ</em></strong></span> <span class='ocrx_word' id='word_1_125' title='bbox 626 2012 775 2099; x_wconf 78' lang='grc' dir='ltr'><strong><em>ἐψεύσθη</em></strong></span> <span class='ocrx_word' id='word_1_126' title='bbox 799 2039 836 2098; x_wconf 91' lang='grc' dir='ltr'><strong><em>γε</em></strong></span> <span class='ocrx_word' id='word_1_127' title='bbox 859 2017 917 2100; x_wconf 89' lang='grc' dir='ltr'><strong><em>τής</em></strong></span> <span class='ocrx_word' id='word_1_128' title='bbox 939 2000 1161 2100; x_wconf 77' lang='grc' dir='ltr'><strong><em>ἀποφάσεως]</em></strong></span> 
     </span>
    </p>

    <p class='ocr_par' dir='ltr' id='par_1_5' title="bbox 293 2109 1351 2208">
     <span class='ocr_line' id='line_1_17' title="bbox 293 2109 1351 2208; baseline 0 -20"><span class='ocrx_word' id='word_1_129' title='bbox 293 2109 404 2202; x_wconf 77' lang='grc' dir='ltr'><strong><em>[οὗτος</em></strong></span> <span class='ocrx_word' id='word_1_130' title='bbox 433 2118 451 2188; x_wconf 87' lang='grc' dir='ltr'><strong><em>ό</em></strong></span> <span class='ocrx_word' id='word_1_131' title='bbox 480 2124 691 2206; x_wconf 82' lang='grc' dir='ltr'><strong><em>Θουκυδίδης</em></strong></span> <span class='ocrx_word' id='word_1_132' title='bbox 721 2117 807 2206; x_wconf 86' lang='grc' dir='ltr'><strong><em>σἰνήρ</em></strong></span> <span class='ocrx_word' id='word_1_133' title='bbox 836 2112 880 2206; x_wconf 88' lang='grc' dir='ltr'><strong><em>ήν</em></strong></span> <span class='ocrx_word' id='word_1_134' title='bbox 911 2120 1015 2200; x_wconf 87' lang='grc' dir='ltr'><strong><em>πολὺς</em></strong></span> <span class='ocrx_word' id='word_1_135' title='bbox 1039 2135 1110 2202; x_wconf 83' lang='grc' dir='ltr'><strong><em>ταῖς</em></strong></span> <span class='ocrx_word' id='word_1_136' title='bbox 1136 2123 1266 2208; x_wconf 81' lang='grc' dir='ltr'><strong><em>τέχναις</em></strong></span> <span class='ocrx_word' id='word_1_137' title='bbox 1294 2122 1351 2188; x_wconf 79' lang='grc' dir='ltr'><strong><em>καὶ</em></strong></span> 
     </span>
    </p>

    <p class='ocr_par' dir='ltr' id='par_1_6' title="bbox 84 2224 1350 2419">
     <span class='ocr_line' id='line_1_18' title="bbox 202 2224 1350 2314; baseline 0 -21"><span class='ocrx_word' id='word_1_138' title='bbox 202 2225 315 2295; x_wconf 88' lang='grc' dir='ltr'><strong><em>κάλλει</em></strong></span> <span class='ocrx_word' id='word_1_139' title='bbox 339 2226 450 2312; x_wconf 91' lang='grc' dir='ltr'><strong><em>λόγων</em></strong></span> <span class='ocrx_word' id='word_1_140' title='bbox 473 2226 529 2293; x_wconf 85' lang='grc' dir='ltr'><strong><em>καὶ</em></strong></span> <span class='ocrx_word' id='word_1_141' title='bbox 552 2224 703 2314; x_wconf 82' lang='grc' dir='ltr'><strong><em>ἀκριβείᾳ</em></strong></span> <span class='ocrx_word' id='word_1_142' title='bbox 722 2225 924 2312; x_wconf 77' lang='grc' dir='ltr'><strong><em>πραγμάτων</em></strong></span> <span class='ocrx_word' id='word_1_143' title='bbox 943 2227 997 2294; x_wconf 82' lang='grc' dir='ltr'><strong><em>καὶ</em></strong></span> <span class='ocrx_word' id='word_1_144' title='bbox 1017 2241 1249 2314; x_wconf 83' lang='grc' dir='ltr'><strong><em>στρατηγικαῖς</em></strong></span> <span class='ocrx_word' id='word_1_145' title='bbox 1267 2246 1350 2313; x_wconf 81' lang='grc' dir='ltr'><strong><em>συμ</em></strong></span> 
     </span>
     <span class='ocr_line' id='line_1_19' title="bbox 84 2330 946 2419; baseline -0.002 -18"><span class='ocrx_word' id='word_1_146' title='bbox 84 2345 86 2349; x_wconf 79' lang='grc'>’</span> <span class='ocrx_word' id='word_1_147' title='bbox 203 2338 355 2419; x_wconf 91' lang='grc' dir='ltr'><strong><em>βουλίαις</em></strong></span> <span class='ocrx_word' id='word_1_148' title='bbox 376 2333 432 2401; x_wconf 79' lang='grc' dir='ltr'><strong><em>καὶ</em></strong></span> <span class='ocrx_word' id='word_1_149' title='bbox 455 2345 699 2418; x_wconf 83' lang='grc' dir='ltr'><strong><em>πανηγυρικοῖς</em></strong></span> <span class='ocrx_word' id='word_1_150' title='bbox 720 2330 946 2417; x_wconf 76' lang='grc' dir='ltr'><strong><em>ὑποθέσεσιν]</em></strong></span> 
     </span>
    </p>
   </div>
   <div class='ocr_carea' id='block_1_3' title="bbox 234 2438 1351 2535">
    <p class='ocr_par' dir='ltr' id='par_1_7' title="bbox 234 2438 1351 2535">
     <span class='ocr_line' id='line_1_20' title="bbox 234 2438 1351 2535; baseline 0 -20"><span class='ocrx_word' id='word_1_151' title='bbox 234 2438 241 2449; x_wconf 59' lang='grc'>’</span> <span class='ocrx_word' id='word_1_152' title='bbox 292 2449 517 2517; x_wconf 74' lang='grc' dir='ltr'><strong><em>ΟΟΟΙιΧΧΧΙ.</em></strong></span> <span class='ocrx_word' id='word_1_153' title='bbox 554 2446 815 2534; x_wconf 80' lang='grc' dir='ltr'><strong><em>Θρασύμαχος</em></strong></span> <span class='ocrx_word' id='word_1_154' title='bbox 844 2445 1074 2532; x_wconf 86' lang='grc' dir='ltr'><strong><em>Χαλκηδόνιος</em></strong></span> <span class='ocrx_word' id='word_1_155' title='bbox 1101 2445 1262 2534; x_wconf 86' lang='grc' dir='ltr'><strong><em>σοφιστής</em></strong></span> <span class='ocrx_word' id='word_1_156' title='bbox 1291 2451 1351 2535; x_wconf 84' lang='grc' dir='ltr'><strong><em>τῆς</em></strong></span> 
     </span>
    </p>
   </div>
   <div class='ocr_carea' id='block_1_4' title="bbox 161 2551 1395 2858">
    <p class='ocr_par' dir='ltr' id='par_1_8' title="bbox 161 2551 1438 2858">
     <span class='ocr_line' id='line_1_21' title="bbox 163 2551 1347 2646; baseline -0.002 -24"><span class='ocrx_word' id='word_1_157' title='bbox 163 2589 189 2629; x_wconf 77' lang='lat'><strong><em>20</em></strong></span> <span class='ocrx_word' id='word_1_158' title='bbox 203 2557 240 2623; x_wconf 76' lang='grc' dir='ltr'><strong><em>ἐν</em></strong></span> <span class='ocrx_word' id='word_1_159' title='bbox 263 2561 412 2646; x_wconf 81' lang='grc' dir='ltr'><strong><em>Βιθυνίᾳ</em></strong></span> <span class='ocrx_word' id='word_1_160' title='bbox 432 2553 657 2642; x_wconf 84' lang='grc' dir='ltr'><strong><em>Χαλκηδόνος,</em></strong></span> <span class='ocrx_word' id='word_1_161' title='bbox 682 2551 719 2635; x_wconf 85' lang='grc' dir='ltr'><strong><em>δς</em></strong></span> <span class='ocrx_word' id='word_1_162' title='bbox 741 2557 871 2639; x_wconf 83' lang='grc' dir='ltr'><strong><em>πρῶτος</em></strong></span> <span class='ocrx_word' id='word_1_163' title='bbox 888 2554 1124 2643; x_wconf 37' lang='grc' dir='ltr'><strong><em>περίοδον-καὶ</em></strong></span> <span class='ocrx_word' id='word_1_164' title='bbox 1144 2558 1254 2644; x_wconf 84' lang='grc' dir='ltr'><strong><em>κῶλον</em></strong></span> <span class='ocrx_word' id='word_1_165' title='bbox 1263 2580 1347 2645; x_wconf 71' lang='grc' dir='ltr'><strong><em>ικοιτ-</em></strong></span> 
     </span>
     <span class='ocr_line' id='line_1_22' title="bbox 161 2654 1350 2749; baseline -0.002 -19"><span class='ocrx_word' id='word_1_166' title='bbox 161 2654 166 2693; x_wconf 66' lang='lat'>³</span> <span class='ocrx_word' id='word_1_167' title='bbox 202 2663 316 2749; x_wconf 64' lang='grc' dir='ltr'><strong><em>ίδειξε,</em></strong></span> <span class='ocrx_word' id='word_1_168' title='bbox 338 2663 392 2731; x_wconf 81' lang='grc' dir='ltr'><strong><em>καὶ</em></strong></span> <span class='ocrx_word' id='word_1_169' title='bbox 416 2661 475 2731; x_wconf 87' lang='grc' dir='ltr'><strong><em>τὸν</em></strong></span> <span class='ocrx_word' id='word_1_170' title='bbox 495 2666 560 2731; x_wconf 82' lang='grc' dir='ltr'><strong><em>νῦν</em></strong></span> <span class='ocrx_word' id='word_1_171' title='bbox 583 2667 641 2747; x_wconf 81' lang='grc' dir='ltr'><strong><em>τῆς</em></strong></span> <span class='ocrx_word' id='word_1_172' title='bbox 663 2663 841 2748; x_wconf 74' lang='grc' dir='ltr'><strong><em>ῥητορικῆς</em></strong></span> <span class='ocrx_word' id='word_1_173' title='bbox 861 2659 987 2746; x_wconf 89' lang='grc' dir='ltr'><strong><em>τρόπον</em></strong></span> <span class='ocrx_word' id='word_1_174' title='bbox 1006 2660 1215 2747; x_wconf 82' lang='grc' dir='ltr'><strong><em>εἰσηγήσατο,</em></strong></span> <span class='ocrx_word' id='word_1_175' title='bbox 1238 2670 1350 2748; x_wconf 88' lang='grc' dir='ltr'><strong><em>μαθη-</em></strong></span> 
     </span>
     <span class='ocr_line' id='line_1_23' title="bbox 201 2761 1395 2858; baseline -0.001 -20"><span class='ocrx_word' id='word_1_176' title='bbox 201 2767 259 2858; x_wconf 87' lang='grc' dir='ltr'><strong><em>τής</em></strong></span> <span class='ocrx_word' id='word_1_177' title='bbox 283 2770 467 2850; x_wconf 84' lang='grc' dir='ltr'><strong><em>Πλάτωνος</em></strong></span> <span class='ocrx_word' id='word_1_178' title='bbox 495 2775 557 2838; x_wconf 84' lang='grc' dir='ltr'><strong><em>τοῦ</em></strong></span> <span class='ocrx_word' id='word_1_179' title='bbox 584 2768 778 2856; x_wconf 89' lang='grc' dir='ltr'><strong><em>φιλοσόφου</em></strong></span> <span class='ocrx_word' id='word_1_180' title='bbox 804 2768 860 2835; x_wconf 77' lang='grc' dir='ltr'><strong><em>καὶ</em></strong></span> <span class='ocrx_word' id='word_1_181' title='bbox 881 2765 1090 2856; x_wconf 87' lang='grc' dir='ltr'><strong><em>Ἰσοκράτους</em></strong></span> <span class='ocrx_word' id='word_1_182' title='bbox 1112 2772 1173 2837; x_wconf 87' lang='grc' dir='ltr'><strong><em>τοῦ</em></strong></span> <span class='ocrx_word' id='word_1_183' title='bbox 1196 2766 1348 2857; x_wconf 70' lang='grc' dir='ltr'><strong><em>ῥήτορος.</em></strong></span> <span class='ocrx_word' id='word_1_184' title='bbox 1370 2761 1438 2795; x_wconf 51' lang='lat'><strong><em>&#39;³&#39;</em></strong></span> 
     </span>
    </p>
   </div>
   <div class='ocr_carea' id='block_1_5' title="bbox 199 2963 1349 3918">
    <p class='ocr_par' dir='ltr' id='par_1_9' title="bbox 200 2963 1349 3520">
     <span class='ocr_line' id='line_1_24' title="bbox 273 2963 1349 3036; baseline -0.004 -14"><span class='ocrx_word' id='word_1_185' title='bbox 273 2966 453 3022; x_wconf 74' lang='lat' dir='ltr'><strong>ccctxxlv</strong></span> <span class='ocrx_word' id='word_1_186' title='bbox 472 2967 547 3022; x_wconf 74' lang='lat' dir='ltr'><strong><em>Eud.</em></strong></span> <span class='ocrx_word' id='word_1_187' title='bbox 567 2985 593 3036; x_wconf 92' lang='lat' dir='ltr'><strong><em>p.</em></strong></span> <span class='ocrx_word' id='word_1_188' title='bbox 613 2971 674 3019; x_wconf 76' lang='lat'><strong><em>377.</em></strong></span> <span class='ocrx_word' id='word_1_189' title='bbox 708 2964 748 3019; x_wconf 86' lang='lat' dir='ltr'><strong><em>Cf.</em></strong></span> <span class='ocrx_word' id='word_1_190' title='bbox 768 2963 869 3018; x_wconf 81' lang='lat' dir='ltr'><strong>lllfiller</strong></span> <span class='ocrx_word' id='word_1_191' title='bbox 888 2963 926 3016; x_wconf 79' lang='lat' dir='ltr'><strong><em>lv</em></strong></span> <span class='ocrx_word' id='word_1_192' title='bbox 944 2983 971 3034; x_wconf 89' lang='lat' dir='ltr'><strong><em>p.</em></strong></span> <span class='ocrx_word' id='word_1_193' title='bbox 991 2970 1056 3032; x_wconf 78' lang='lat'>518,</span> <span class='ocrx_word' id='word_1_194' title='bbox 1076 2964 1170 3033; x_wconf 71' lang='grc' dir='ltr'><strong><em>θοοὶ),</em></strong></span> <span class='ocrx_word' id='word_1_195' title='bbox 1190 2963 1268 3018; x_wconf 78' lang='lat' dir='ltr'><strong>stud.</strong></span> <span class='ocrx_word' id='word_1_196' title='bbox 1287 2982 1315 3034; x_wconf 91' lang='lat' dir='ltr'><strong><em>p.</em></strong></span> <span class='ocrx_word' id='word_1_197' title='bbox 1332 2972 1349 3019; x_wconf 84' lang='lat'>4</span> 
     </span>
     <span class='ocr_line' id='line_1_25' title="bbox 204 3041 1349 3118; baseline -0.003 -15"><span class='ocrx_word' id='word_1_198' title='bbox 204 3056 217 3103; x_wconf 90' lang='grc'>1</span> <span class='ocrx_word' id='word_1_199' title='bbox 243 3046 349 3118; x_wconf 76' lang='grc' dir='ltr'><strong><em>ἔγραφε</em></strong></span> <span class='ocrx_word' id='word_1_200' title='bbox 372 3045 437 3110; x_wconf 79' lang='grc' dir='ltr'><strong><em>τοὺς</em></strong></span> <span class='ocrx_word' id='word_1_201' title='bbox 456 3048 510 3100; x_wconf 79' lang='grc' dir='ltr'><strong><em>τῶν</em></strong></span> <span class='ocrx_word' id='word_1_202' title='bbox 530 3043 586 3101; x_wconf 76' lang='lat' dir='ltr'><strong><em>lvd.</em></strong></span> <span class='ocrx_word' id='word_1_203' title='bbox 606 3046 681 3100; x_wconf 79' lang='grc' dir='ltr'><strong><em>Εαδ.</em></strong></span> <span class='ocrx_word' id='word_1_204' title='bbox 701 3048 767 3114; x_wconf 84' lang='lat' dir='ltr'><strong><em>post</em></strong></span> <span class='ocrx_word' id='word_1_205' title='bbox 791 3041 915 3110; x_wconf 74' lang='grc' dir='ltr'><strong><em>ἐνδόξων</em></strong></span> <span class='ocrx_word' id='word_1_206' title='bbox 933 3046 1094 3115; x_wconf 78' lang='lat' dir='ltr'>genetivum</span> <span class='ocrx_word' id='word_1_207' title='bbox 1113 3044 1233 3100; x_wconf 88' lang='lat' dir='ltr'><strong>nominis</strong></span> <span class='ocrx_word' id='word_1_208' title='bbox 1258 3045 1349 3100; x_wconf 87' lang='lat' dir='ltr'><strong>euius·</strong></span> 
     </span>
     <span class='ocr_line' id='line_1_26' title="bbox 202 3123 1300 3199; baseline -0.004 -15"><span class='ocrx_word' id='word_1_209' title='bbox 202 3130 277 3199; x_wconf 76' lang='lat' dir='ltr'><strong><em>piam</em></strong></span> <span class='ocrx_word' id='word_1_210' title='bbox 297 3130 475 3184; x_wconf 70' lang='lat' dir='ltr'><strong>desiderabat</strong></span> <span class='ocrx_word' id='word_1_211' title='bbox 492 3127 671 3196; x_wconf 76' lang='lat' dir='ltr'><strong><em>Bernhardy,</em></strong></span> <span class='ocrx_word' id='word_1_212' title='bbox 693 3123 916 3195; x_wconf 77' lang='lat' dir='ltr'><strong>improbantibus</strong></span> <span class='ocrx_word' id='word_1_213' title='bbox 934 3124 1047 3180; x_wconf 79' lang='lat' dir='ltr'><strong>Daubio</strong></span> <span class='ocrx_word' id='word_1_214' title='bbox 1065 3128 1095 3180; x_wconf 82' lang='lat' dir='ltr'><strong>et</strong></span> <span class='ocrx_word' id='word_1_215' title='bbox 1113 3125 1300 3180; x_wconf 70' lang='lat' dir='ltr'><strong><em>Gubcsmidio</em></strong></span> 
     </span>
     <span class='ocr_line' id='line_1_27' title="bbox 201 3202 1248 3278; baseline -0.003 -14"><span class='ocrx_word' id='word_1_216' title='bbox 201 3215 217 3264; x_wconf 78' lang='lat'><strong>2</strong></span> <span class='ocrx_word' id='word_1_217' title='bbox 237 3210 429 3278; x_wconf 84' lang='grc' dir='ltr'><strong><em>κορινθιακῶν</em></strong></span> <span class='ocrx_word' id='word_1_218' title='bbox 448 3207 514 3262; x_wconf 88' lang='lat' dir='ltr'><strong>libri</strong></span> <span class='ocrx_word' id='word_1_219' title='bbox 533 3202 712 3276; x_wconf 76' lang='grc' dir='ltr'><strong><em>Κορινθιακά</em></strong></span> <span class='ocrx_word' id='word_1_220' title='bbox 737 3223 806 3260; x_wconf 83' lang='lat' dir='ltr'><strong>corr.</strong></span> <span class='ocrx_word' id='word_1_221' title='bbox 828 3205 933 3258; x_wconf 71' lang='lat' dir='ltr'><strong>Mstller</strong></span> <span class='ocrx_word' id='word_1_222' title='bbox 950 3202 1145 3273; x_wconf 84' lang='grc' dir='ltr'><strong><em>Κορινθιακόν</em></strong></span> <span class='ocrx_word' id='word_1_223' title='bbox 1163 3206 1248 3261; x_wconf 75' lang='lat' dir='ltr'><strong><em>Daub</em></strong></span> 
     </span>
     <span class='ocr_line' id='line_1_28' title="bbox 201 3276 1349 3359; baseline 0 -18"><span class='ocrx_word' id='word_1_224' title='bbox 201 3295 217 3341; x_wconf 89' lang='grc'>3</span> <span class='ocrx_word' id='word_1_225' title='bbox 241 3283 383 3359; x_wconf 75' lang='grc' dir='ltr'><strong><em>Ἰσθμικοῦ</em></strong></span> <span class='ocrx_word' id='word_1_226' title='bbox 401 3293 422 3340; x_wconf 76' lang='grc' dir='ltr'>Ε</span> <span class='ocrx_word' id='word_1_227' title='bbox 442 3288 517 3341; x_wconf 75' lang='lat' dir='ltr'><strong><em>Eud.</em></strong></span> <span class='ocrx_word' id='word_1_228' title='bbox 542 3285 653 3357; x_wconf 81' lang='grc' dir='ltr'><strong><em>ίσμικοῦ</em></strong></span> <span class='ocrx_word' id='word_1_229' title='bbox 672 3291 702 3339; x_wconf 86' lang='grc' dir='ltr'><strong><em>Δ.</em></strong></span> <span class='ocrx_word' id='word_1_230' title='bbox 732 3285 825 3339; x_wconf 79' lang='lat' dir='ltr'><strong>Verba</strong></span> <span class='ocrx_word' id='word_1_231' title='bbox 848 3280 880 3338; x_wconf 74' lang='grc' dir='ltr'><strong><em>ἒν</em></strong></span> <span class='ocrx_word' id='word_1_232' title='bbox 903 3276 924 3356; x_wconf 75' lang='grc' dir='ltr'>ᾧ</span> <span class='ocrx_word' id='word_1_233' title='bbox 946 3315 977 3324; x_wconf 88' lang='lat'>-</span> <span class='ocrx_word' id='word_1_234' title='bbox 998 3283 1062 3339; x_wconf 83' lang='lat' dir='ltr'><strong>exit.</strong></span> <span class='ocrx_word' id='word_1_235' title='bbox 1086 3285 1158 3339; x_wconf 79' lang='lat' dir='ltr'><strong>forte</strong></span> <span class='ocrx_word' id='word_1_236' title='bbox 1183 3284 1282 3339; x_wconf 81' lang='lat' dir='ltr'><strong>lectori</strong></span> <span class='ocrx_word' id='word_1_237' title='bbox 1300 3285 1349 3341; x_wconf 79' lang='lat' dir='ltr'><strong>de·</strong></span> 
     </span>
     <span class='ocr_line' id='line_1_29' title="bbox 200 3358 1347 3439; baseline -0.002 -15"><span class='ocrx_word' id='word_1_238' title='bbox 200 3368 261 3424; x_wconf 85' lang='lat' dir='ltr'><strong>beri</strong></span> <span class='ocrx_word' id='word_1_239' title='bbox 280 3369 437 3439; x_wconf 82' lang='lat' dir='ltr'><strong>suspicatus</strong></span> <span class='ocrx_word' id='word_1_240' title='bbox 456 3386 529 3435; x_wconf 85' lang='lat' dir='ltr'><strong>sum;</strong></span> <span class='ocrx_word' id='word_1_241' title='bbox 555 3363 586 3422; x_wconf 76' lang='grc' dir='ltr'><strong><em>ἐν</em></strong></span> <span class='ocrx_word' id='word_1_242' title='bbox 605 3365 647 3429; x_wconf 73' lang='grc' dir='ltr'><strong><em>οἷς</em></strong></span> <span class='ocrx_word' id='word_1_243' title='bbox 666 3365 713 3420; x_wconf 82' lang='grc' dir='ltr'><strong><em>καλ</em></strong></span> <span class='ocrx_word' id='word_1_244' title='bbox 732 3365 796 3433; x_wconf 78' lang='grc' dir='ltr'><strong><em>περὶ</em></strong></span> <span class='ocrx_word' id='word_1_245' title='bbox 815 3360 1011 3426; x_wconf 81' lang='grc' dir='ltr'><strong><em>καταστάσεως</em></strong></span> <span class='ocrx_word' id='word_1_246' title='bbox 1029 3384 1052 3419; x_wconf 89' lang='grc' dir='ltr'><strong><em>τ.</em></strong></span> <span class='ocrx_word' id='word_1_247' title='bbox 1070 3358 1097 3420; x_wconf 86' lang='grc' dir='ltr'><strong><em>Ἰ.</em></strong></span> <span class='ocrx_word' id='word_1_248' title='bbox 1117 3358 1162 3433; x_wconf 86' lang='grc' dir='ltr'><strong><em>άγ.</em></strong></span> <span class='ocrx_word' id='word_1_249' title='bbox 1181 3365 1256 3421; x_wconf 82' lang='grc' dir='ltr'><strong><em>Εκδ.</em></strong></span> <span class='ocrx_word' id='word_1_250' title='bbox 1281 3365 1347 3422; x_wconf 83' lang='lat' dir='ltr'><strong>fort.</strong></span> 
     </span>
     <span class='ocr_line' id='line_1_30' title="bbox 201 3440 476 3520; baseline -0.007 -16"><span class='ocrx_word' id='word_1_251' title='bbox 201 3447 243 3512; x_wconf 81' lang='grc' dir='ltr'><strong><em>τίς</em></strong></span> <span class='ocrx_word' id='word_1_252' title='bbox 261 3467 313 3519; x_wconf 87' lang='lat' dir='ltr'><strong><em>pro</em></strong></span> <span class='ocrx_word' id='word_1_253' title='bbox 332 3440 354 3520; x_wconf 78' lang='grc' dir='ltr'><strong><em>ᾦ</em></strong></span> <span class='ocrx_word' id='word_1_254' title='bbox 376 3449 476 3519; x_wconf 84' lang='lat' dir='ltr'><strong>corrig.</strong></span> 
     </span>
    </p>

    <p class='ocr_par' dir='ltr' id='par_1_10' title="bbox 199 3518 1349 3918">
     <span class='ocr_line' id='line_1_31' title="bbox 276 3518 1349 3597; baseline -0.003 -12"><span class='ocrx_word' id='word_1_255' title='bbox 276 3529 444 3585; x_wconf 85' lang='lat' dir='ltr'>CCCLXXV</span> <span class='ocrx_word' id='word_1_256' title='bbox 463 3529 537 3584; x_wconf 79' lang='lat' dir='ltr'><strong><em>Eud.</em></strong></span> <span class='ocrx_word' id='word_1_257' title='bbox 558 3547 585 3597; x_wconf 90' lang='lat' dir='ltr'><strong><em>p.</em></strong></span> <span class='ocrx_word' id='word_1_258' title='bbox 600 3533 651 3582; x_wconf 77' lang='lat'><strong><em>377</em></strong></span> <span class='ocrx_word' id='word_1_259' title='bbox 724 3532 741 3580; x_wconf 85' lang='grc'>4</span> <span class='ocrx_word' id='word_1_260' title='bbox 758 3521 848 3593; x_wconf 79' lang='grc' dir='ltr'><strong><em>Ἀθην.</em></strong></span> <span class='ocrx_word' id='word_1_261' title='bbox 869 3526 938 3593; x_wconf 83' lang='grc' dir='ltr'><strong><em>μαθ.</em></strong></span> <span class='ocrx_word' id='word_1_262' title='bbox 957 3518 1055 3593; x_wconf 79' lang='grc' dir='ltr'><strong><em>Ἀντιφ.</em></strong></span> <span class='ocrx_word' id='word_1_263' title='bbox 1071 3524 1146 3578; x_wconf 80' lang='lat' dir='ltr'><strong><em>Eud.</em></strong></span> <span class='ocrx_word' id='word_1_264' title='bbox 1168 3526 1216 3580; x_wconf 84' lang='lat' dir='ltr'><strong>rel.</strong></span> <span class='ocrx_word' id='word_1_265' title='bbox 1236 3526 1349 3583; x_wconf 88' lang='lat' dir='ltr'><strong>omissis</strong></span> 
     </span>
     <span class='ocr_line' id='line_1_32' title="bbox 201 3599 1347 3678; baseline -0.004 -13"><span class='ocrx_word' id='word_1_266' title='bbox 201 3608 238 3664; x_wconf 77' lang='lat' dir='ltr'><strong><em>ad</em></strong></span> <span class='ocrx_word' id='word_1_267' title='bbox 257 3605 419 3678; x_wconf 87' lang='grc' dir='ltr'><strong><em>ὀλυμπιάδα</em></strong></span> <span class='ocrx_word' id='word_1_268' title='bbox 483 3616 499 3663; x_wconf 78' lang='lat' dir='ltr'><strong>b</strong></span> <span class='ocrx_word' id='word_1_269' title='bbox 518 3603 620 3678; x_wconf 86' lang='grc' dir='ltr'><strong><em>μητρός</em></strong></span> <span class='ocrx_word' id='word_1_270' title='bbox 634 3610 715 3660; x_wconf 85' lang='grc' dir='ltr'><strong><em>Μιλτ.</em></strong></span> <span class='ocrx_word' id='word_1_271' title='bbox 732 3636 764 3646; x_wconf 90' lang='lat'><em>-</em></span> <span class='ocrx_word' id='word_1_272' title='bbox 781 3602 887 3671; x_wconf 83' lang='grc' dir='ltr'><strong><em>πατρὸς</em></strong></span> <span class='ocrx_word' id='word_1_273' title='bbox 902 3599 1016 3672; x_wconf 85' lang='grc' dir='ltr'><strong><em>Ὀλόρου</em></strong></span> <span class='ocrx_word' id='word_1_274' title='bbox 1034 3605 1106 3674; x_wconf 76' lang='grc' dir='ltr'><strong><em>υιιίρ.</em></strong></span> <span class='ocrx_word' id='word_1_275' title='bbox 1126 3609 1232 3658; x_wconf 77' lang='lat' dir='ltr'><strong>rectam</strong></span> <span class='ocrx_word' id='word_1_276' title='bbox 1248 3604 1347 3660; x_wconf 85' lang='lat' dir='ltr'><strong>lectio·</strong></span> 
     </span>
     <span class='ocr_line' id='line_1_33' title="bbox 200 3680 1348 3745; baseline -0.002 -1"><span class='ocrx_word' id='word_1_277' title='bbox 200 3708 264 3745; x_wconf 88' lang='lat' dir='ltr'><strong>nem</strong></span> <span class='ocrx_word' id='word_1_278' title='bbox 285 3690 438 3744; x_wconf 82' lang='lat' dir='ltr'><strong>offerebant</strong></span> <span class='ocrx_word' id='word_1_279' title='bbox 452 3693 553 3741; x_wconf 72' lang='lat' dir='ltr'><strong><em>svn</em></strong></span> <span class='ocrx_word' id='word_1_280' title='bbox 573 3681 630 3740; x_wconf 83' lang='grc' dir='ltr'><strong><em>άπὸ</em></strong></span> <span class='ocrx_word' id='word_1_281' title='bbox 649 3689 714 3739; x_wconf 81' lang='lat' dir='ltr'><strong>ente</strong></span> <span class='ocrx_word' id='word_1_282' title='bbox 728 3689 809 3739; x_wconf 86' lang='grc' dir='ltr'><strong><em>Μιλι.</em></strong></span> <span class='ocrx_word' id='word_1_283' title='bbox 826 3688 855 3738; x_wconf 89' lang='lat' dir='ltr'><strong>et</strong></span> <span class='ocrx_word' id='word_1_284' title='bbox 871 3680 922 3738; x_wconf 86' lang='grc' dir='ltr'><strong><em>Όλ.</em></strong></span> <span class='ocrx_word' id='word_1_285' title='bbox 938 3684 1116 3739; x_wconf 77' lang='lat' dir='ltr'><strong>desiderabat</strong></span> <span class='ocrx_word' id='word_1_286' title='bbox 1126 3685 1348 3743; x_wconf 75' lang='lat' dir='ltr'><strong>Hemsterbusius</strong></span> 
     </span>
     <span class='ocr_line' id='line_1_34' title="bbox 199 3760 1346 3839; baseline 0 -16"><span class='ocrx_word' id='word_1_287' title='bbox 199 3764 317 3839; x_wconf 82' lang='grc' dir='ltr'><strong><em>Ὀλόρου</em></strong></span> <span class='ocrx_word' id='word_1_288' title='bbox 336 3773 411 3821; x_wconf 73' lang='grc' dir='ltr'><strong><em>ΗΕ</em></strong></span> <span class='ocrx_word' id='word_1_289' title='bbox 498 3770 638 3821; x_wconf 87' lang='grc' dir='ltr'><strong><em>8Πελοπ.</em></strong></span> <span class='ocrx_word' id='word_1_290' title='bbox 658 3765 706 3820; x_wconf 78' lang='grc' dir='ltr'><strong><em>καὶ</em></strong></span> <span class='ocrx_word' id='word_1_291' title='bbox 727 3760 780 3819; x_wconf 76' lang='grc' dir='ltr'><strong><em>Ἀθ.</em></strong></span> <span class='ocrx_word' id='word_1_292' title='bbox 801 3762 861 3819; x_wconf 87' lang='grc' dir='ltr'><strong><em>πόλ.</em></strong></span> <span class='ocrx_word' id='word_1_293' title='bbox 880 3764 956 3818; x_wconf 77' lang='lat' dir='ltr'><strong><em>Eud.</em></strong></span> <span class='ocrx_word' id='word_1_294' title='bbox 981 3781 1099 3834; x_wconf 78' lang='lat' dir='ltr'><strong>pergens</strong></span> <span class='ocrx_word' id='word_1_295' title='bbox 1123 3760 1226 3832; x_wconf 82' lang='grc' dir='ltr'><strong><em>ἤκουσε</em></strong></span> <span class='ocrx_word' id='word_1_296' title='bbox 1251 3765 1283 3821; x_wconf 74' lang='grc' dir='ltr'><strong><em>δὲ</em></strong></span> <span class='ocrx_word' id='word_1_297' title='bbox 1305 3765 1346 3823; x_wconf 78' lang='grc' dir='ltr'><strong><em>ἔτι</em></strong></span> 
     </span>
     <span class='ocr_line' id='line_1_35' title="bbox 201 3837 1346 3918; baseline -0.008 -15"><span class='ocrx_word' id='word_1_298' title='bbox 201 3854 268 3911; x_wconf 79' lang='grc' dir='ltr'><strong><em>ταῖς</em></strong></span> <span class='ocrx_word' id='word_1_299' title='bbox 286 3843 433 3918; x_wconf 85' lang='grc' dir='ltr'><strong><em>τυγχάνων</em></strong></span> <span class='ocrx_word' id='word_1_300' title='bbox 452 3846 500 3902; x_wconf 83' lang='grc' dir='ltr'><strong><em>καλ</em></strong></span> <span class='ocrx_word' id='word_1_301' title='bbox 515 3842 667 3916; x_wconf 77' lang='grc' dir='ltr'><strong><em>Ἡροδότου</em></strong></span> <span class='ocrx_word' id='word_1_302' title='bbox 686 3843 734 3897; x_wconf 89' lang='lat' dir='ltr'><strong>rel.</strong></span> <span class='ocrx_word' id='word_1_303' title='bbox 753 3843 863 3898; x_wconf 88' lang='lat' dir='ltr'><strong>omissis</strong></span> <span class='ocrx_word' id='word_1_304' title='bbox 927 3851 943 3897; x_wconf 88' lang='grc'>9</span> <span class='ocrx_word' id='word_1_305' title='bbox 963 3837 1045 3906; x_wconf 76' lang='grc' dir='ltr'><strong><em>οὗτος</em></strong></span> <span class='ocrx_word' id='word_1_306' title='bbox 1061 3875 1092 3884; x_wconf 93' lang='grc'>-</span> <span class='ocrx_word' id='word_1_307' title='bbox 1107 3839 1280 3914; x_wconf 70' lang='grc' dir='ltr'><strong><em>ἀποφάσεως</em></strong></span> <span class='ocrx_word' id='word_1_308' title='bbox 1297 3868 1346 3906; x_wconf 71' lang='lat' dir='ltr'><strong><em>ac.</em></strong></span> 
     </span>
    </p>
   </div>
   <div class='ocr_carea' id='block_1_6' title="bbox 72 3922 1346 3996">
    <p class='ocr_par' dir='ltr' id='par_1_11' title="bbox 72 3922 1346 3996">
     <span class='ocr_line' id='line_1_36' title="bbox 72 3922 1346 3996; baseline -0.001 -11"><span class='ocrx_word' id='word_1_309' title='bbox 72 3934 73 3938; x_wconf 73' lang='grc'>’</span> <span class='ocrx_word' id='word_1_310' title='bbox 154 3965 157 3969; x_wconf 91' lang='grc'><strong>-</strong></span> <span class='ocrx_word' id='word_1_311' title='bbox 202 3926 286 3984; x_wconf 86' lang='lat' dir='ltr'><strong>cessit</strong></span> <span class='ocrx_word' id='word_1_312' title='bbox 304 3944 337 3981; x_wconf 83' lang='lat' dir='ltr'><strong>ex</strong></span> <span class='ocrx_word' id='word_1_313' title='bbox 355 3928 437 3982; x_wconf 87' lang='lat' dir='ltr'><strong>Phot.</strong></span> <span class='ocrx_word' id='word_1_314' title='bbox 455 3926 522 3982; x_wconf 91' lang='lat' dir='ltr'><strong>bibl.</strong></span> <span class='ocrx_word' id='word_1_315' title='bbox 542 3945 568 3996; x_wconf 91' lang='lat' dir='ltr'><strong><em>p.</em></strong></span> <span class='ocrx_word' id='word_1_316' title='bbox 586 3932 617 3979; x_wconf 79' lang='grc'><strong><em>19</em></strong></span> <span class='ocrx_word' id='word_1_317' title='bbox 637 3925 681 3979; x_wconf 88' lang='lat' dir='ltr'><strong>vel</strong></span> <span class='ocrx_word' id='word_1_318' title='bbox 701 3924 749 3978; x_wconf 87' lang='lat' dir='ltr'><strong><em>vit.</em></strong></span> <span class='ocrx_word' id='word_1_319' title='bbox 764 3922 917 3978; x_wconf 80' lang='lat' dir='ltr'><strong>Marcellin.</strong></span> <span class='ocrx_word' id='word_1_320' title='bbox 937 3942 963 3993; x_wconf 88' lang='lat' dir='ltr'><strong><em>p.</em></strong></span> <span class='ocrx_word' id='word_1_321' title='bbox 982 3929 1031 3978; x_wconf 86' lang='grc'><strong><em>198</em></strong></span> <span class='ocrx_word' id='word_1_322' title='bbox 1047 3924 1202 3991; x_wconf 84' lang='lat' dir='ltr'><strong>Westerm.‚</strong></span> <span class='ocrx_word' id='word_1_323' title='bbox 1223 3945 1274 3983; x_wconf 82' lang='lat' dir='ltr'><strong>nec</strong></span> <span class='ocrx_word' id='word_1_324' title='bbox 1294 3931 1346 3984; x_wconf 91' lang='lat' dir='ltr'><strong><em>mi-</em></strong></span> 
     </span>
    </p>
   </div>
   <div class='ocr_carea' id='block_1_7' title="bbox 200 4001 1346 4477">
    <p class='ocr_par' dir='ltr' id='par_1_12' title="bbox 200 4001 1345 4073">
     <span class='ocr_line' id='line_1_37' title="bbox 200 4001 1345 4073; baseline 0.001 -11"><span class='ocrx_word' id='word_1_325' title='bbox 200 4026 252 4062; x_wconf 89' lang='lat' dir='ltr'><strong><em>nus</em></strong></span> <span class='ocrx_word' id='word_1_326' title='bbox 270 4001 353 4068; x_wconf 80' lang='grc' dir='ltr'><strong><em>οὗτος</em></strong></span> <span class='ocrx_word' id='word_1_327' title='bbox 373 4038 403 4046; x_wconf 84' lang='grc'><strong>-</strong></span> <span class='ocrx_word' id='word_1_328' title='bbox 424 4001 596 4061; x_wconf 78' lang='grc' dir='ltr'><strong><em>ὑποθέσεσιν</em></strong></span> <span class='ocrx_word' id='word_1_329' title='bbox 615 4023 649 4058; x_wconf 84' lang='lat' dir='ltr'><strong>ex</strong></span> <span class='ocrx_word' id='word_1_330' title='bbox 667 4003 715 4057; x_wconf 85' lang='lat' dir='ltr'><strong><em>vit.</em></strong></span> <span class='ocrx_word' id='word_1_331' title='bbox 736 4003 889 4060; x_wconf 79' lang='lat' dir='ltr'><strong>Marcellin.</strong></span> <span class='ocrx_word' id='word_1_332' title='bbox 909 4023 935 4073; x_wconf 90' lang='lat' dir='ltr'><strong><em>p.</em></strong></span> <span class='ocrx_word' id='word_1_333' title='bbox 953 4008 1003 4058; x_wconf 80' lang='grc'><strong><em>186</em></strong></span> <span class='ocrx_word' id='word_1_334' title='bbox 1018 4008 1044 4070; x_wconf 67' lang='grc' dir='ltr'><strong><em>(ς</em></strong></span> <span class='ocrx_word' id='word_1_335' title='bbox 1061 4007 1085 4071; x_wconf 93' lang='grc'><strong><em>1)</em></strong></span> <span class='ocrx_word' id='word_1_336' title='bbox 1154 4003 1303 4072; x_wconf 83' lang='grc' dir='ltr'><strong><em>Ἡρόδοτος</em></strong></span> <span class='ocrx_word' id='word_1_337' title='bbox 1322 4016 1345 4064; x_wconf 78' lang='lat' dir='ltr'>V</span> 
     </span>
    </p>

    <p class='ocr_par' dir='ltr' id='par_1_13' title="bbox 202 4079 1223 4155">
     <span class='ocr_line' id='line_1_38' title="bbox 202 4079 1223 4155; baseline -0.003 -13"><span class='ocrx_word' id='word_1_338' title='bbox 202 4095 235 4143; x_wconf 93' lang='grc'><strong><em>10</em></strong></span> <span class='ocrx_word' id='word_1_339' title='bbox 254 4084 376 4155; x_wconf 79' lang='grc' dir='ltr'><strong><em>ίστορίας</em></strong></span> <span class='ocrx_word' id='word_1_340' title='bbox 396 4082 484 4140; x_wconf 76' lang='grc' dir='ltr'><strong><em>αὑτοῦ</em></strong></span> <span class='ocrx_word' id='word_1_341' title='bbox 503 4087 575 4155; x_wconf 67' lang='lat' dir='ltr'><strong><em>vulp.</em></strong></span> <span class='ocrx_word' id='word_1_342' title='bbox 594 4079 684 4139; x_wconf 74' lang='lat' dir='ltr'><strong>adteri</strong></span> <span class='ocrx_word' id='word_1_343' title='bbox 704 4100 756 4137; x_wconf 90' lang='lat' dir='ltr'><strong><em>om.</em></strong></span> <span class='ocrx_word' id='word_1_344' title='bbox 776 4087 877 4135; x_wconf 72' lang='lat' dir='ltr'><strong><em>nvn</em></strong></span> <span class='ocrx_word' id='word_1_345' title='bbox 950 4079 1131 4152; x_wconf 80' lang='grc' dir='ltr'><strong><em>διερχόμενος</em></strong></span> <span class='ocrx_word' id='word_1_346' title='bbox 1148 4088 1223 4139; x_wconf 78' lang='lat' dir='ltr'><em>m</em></span> 
     </span>
    </p>

    <p class='ocr_par' dir='ltr' id='par_1_14' title="bbox 203 4160 1346 4236">
     <span class='ocr_line' id='line_1_39' title="bbox 203 4160 1346 4236; baseline -0.002 -12"><span class='ocrx_word' id='word_1_347' title='bbox 203 4175 236 4224; x_wconf 77' lang='lat'><strong><em>15</em></strong></span> <span class='ocrx_word' id='word_1_348' title='bbox 255 4162 444 4236; x_wconf 72' lang='grc' dir='ltr'><strong><em>ἀποφάνσεως</em></strong></span> <span class='ocrx_word' id='word_1_349' title='bbox 463 4168 543 4235; x_wconf 74' lang='lat' dir='ltr'><strong><em>vulp,</em></strong></span> <span class='ocrx_word' id='word_1_350' title='bbox 563 4182 596 4218; x_wconf 83' lang='lat' dir='ltr'><strong>ex</strong></span> <span class='ocrx_word' id='word_1_351' title='bbox 616 4166 677 4219; x_wconf 77' lang='lat' dir='ltr'><strong><em>Par.</em></strong></span> <span class='ocrx_word' id='word_1_352' title='bbox 698 4179 766 4218; x_wconf 88' lang='lat' dir='ltr'><strong>corr.</strong></span> <span class='ocrx_word' id='word_1_353' title='bbox 786 4163 923 4216; x_wconf 81' lang='grc' dir='ltr'><strong><em>Καείεναε·</em></strong></span> <span class='ocrx_word' id='word_1_354' title='bbox 987 4168 1018 4214; x_wconf 87' lang='grc'><strong><em>16</em></strong></span> <span class='ocrx_word' id='word_1_355' title='bbox 1038 4161 1170 4216; x_wconf 74' lang='lat' dir='ltr'><strong>salente</strong></span> <span class='ocrx_word' id='word_1_356' title='bbox 1189 4160 1286 4221; x_wconf 85' lang='grc' dir='ltr'><strong><em>κάλλει</em></strong></span> <span class='ocrx_word' id='word_1_357' title='bbox 1304 4169 1346 4222; x_wconf 88' lang='lat' dir='ltr'><strong><em>in·</em></strong></span> 
     </span>
    </p>

    <p class='ocr_par' dir='ltr' id='par_1_15' title="bbox 201 4235 1289 4394">
     <span class='ocr_line' id='line_1_40' title="bbox 201 4235 1289 4314; baseline -0.007 -9"><span class='ocrx_word' id='word_1_358' title='bbox 201 4249 273 4306; x_wconf 82' lang='lat' dir='ltr'><strong>serui</strong></span> <span class='ocrx_word' id='word_1_359' title='bbox 292 4251 403 4303; x_wconf 86' lang='lat' dir='ltr'><strong>secutus</strong></span> <span class='ocrx_word' id='word_1_360' title='bbox 420 4246 646 4314; x_wconf 78' lang='grc' dir='ltr'><strong><em>Βενκλιονάηαοι,</em></strong></span> <span class='ocrx_word' id='word_1_361' title='bbox 666 4260 719 4297; x_wconf 90' lang='lat' dir='ltr'><strong><em>om.</em></strong></span> <span class='ocrx_word' id='word_1_362' title='bbox 739 4241 817 4309; x_wconf 83' lang='lat' dir='ltr'><strong>libri,</strong></span> <span class='ocrx_word' id='word_1_363' title='bbox 836 4261 864 4295; x_wconf 83' lang='grc' dir='ltr'><strong><em>τε</em></strong></span> <span class='ocrx_word' id='word_1_364' title='bbox 884 4243 948 4310; x_wconf 87' lang='lat' dir='ltr'><strong><em>post</em></strong></span> <span class='ocrx_word' id='word_1_365' title='bbox 966 4235 1059 4293; x_wconf 81' lang='grc' dir='ltr'><strong><em>κάλλει</em></strong></span> <span class='ocrx_word' id='word_1_366' title='bbox 1077 4241 1185 4296; x_wconf 76' lang='lat' dir='ltr'><strong>mavult</strong></span> <span class='ocrx_word' id='word_1_367' title='bbox 1203 4244 1289 4301; x_wconf 75' lang='grc' dir='ltr'><strong><em>Πανί)</em></strong></span> 
     </span>
     <span class='ocr_line' id='line_1_41' title="bbox 273 4317 1264 4394; baseline -0.008 -11"><span class='ocrx_word' id='word_1_368' title='bbox 273 4325 453 4386; x_wconf 84' lang='lat' dir='ltr'>CCCLXXVI</span> <span class='ocrx_word' id='word_1_369' title='bbox 472 4326 547 4380; x_wconf 80' lang='lat' dir='ltr'><strong><em>Eud.</em></strong></span> <span class='ocrx_word' id='word_1_370' title='bbox 567 4344 593 4394; x_wconf 88' lang='lat' dir='ltr'><strong><em>p.</em></strong></span> <span class='ocrx_word' id='word_1_371' title='bbox 614 4328 673 4377; x_wconf 80' lang='grc'><strong>374.</strong></span> <span class='ocrx_word' id='word_1_372' title='bbox 712 4321 752 4377; x_wconf 87' lang='lat' dir='ltr'><strong><em>Cf.</em></strong></span> <span class='ocrx_word' id='word_1_373' title='bbox 772 4322 864 4387; x_wconf 79' lang='lat' dir='ltr'><strong>Blass,</strong></span> <span class='ocrx_word' id='word_1_374' title='bbox 884 4322 941 4373; x_wconf 76' lang='lat' dir='ltr'><strong><em>stt.</em></strong></span> <span class='ocrx_word' id='word_1_375' title='bbox 962 4317 1084 4374; x_wconf 86' lang='lat' dir='ltr'><strong>Bered.I</strong></span> <span class='ocrx_word' id='word_1_376' title='bbox 1102 4337 1130 4389; x_wconf 94' lang='lat' dir='ltr'><strong><em>p.</em></strong></span> <span class='ocrx_word' id='word_1_377' title='bbox 1145 4326 1198 4376; x_wconf 77' lang='lat'><strong><em>240</em></strong></span> <span class='ocrx_word' id='word_1_378' title='bbox 1208 4340 1264 4392; x_wconf 89' lang='lat' dir='ltr'><strong>seq.</strong></span> 
     </span>
    </p>

    <p class='ocr_par' dir='ltr' id='par_1_16' title="bbox 203 4395 1344 4477">
     <span class='ocr_line' id='line_1_42' title="bbox 203 4395 1344 4477; baseline -0.007 -10"><span class='ocrx_word' id='word_1_379' title='bbox 203 4419 234 4467; x_wconf 83' lang='lat'><strong><em>19</em></strong></span> <span class='ocrx_word' id='word_1_380' title='bbox 254 4408 439 4472; x_wconf 82' lang='grc' dir='ltr'><strong><em>Χαλκιδόνιος</em></strong></span> <span class='ocrx_word' id='word_1_381' title='bbox 457 4409 528 4477; x_wconf 80' lang='lat' dir='ltr'><strong><em>sulp.</em></strong></span> <span class='ocrx_word' id='word_1_382' title='bbox 548 4405 633 4471; x_wconf 66' lang='lat' dir='ltr'><strong><em>Eud„</em></strong></span> <span class='ocrx_word' id='word_1_383' title='bbox 652 4418 723 4471; x_wconf 74' lang='lat' dir='ltr'><strong>quae</strong></span> <span class='ocrx_word' id='word_1_384' title='bbox 741 4418 805 4455; x_wconf 88' lang='lat' dir='ltr'><strong><em>mox</em></strong></span> <span class='ocrx_word' id='word_1_385' title='bbox 824 4417 877 4454; x_wconf 89' lang='lat' dir='ltr'><strong><em>om.</em></strong></span> <span class='ocrx_word' id='word_1_386' title='bbox 897 4395 1090 4468; x_wconf 83' lang='grc' dir='ltr'><strong><em>Χαλκηδόνος,</em></strong></span> <span class='ocrx_word' id='word_1_387' title='bbox 1108 4401 1303 4472; x_wconf 79' lang='grc' dir='ltr'><strong><em>Χαλκηδόνιος</em></strong></span> <span class='ocrx_word' id='word_1_388' title='bbox 1319 4411 1344 4460; x_wconf 84' lang='grc' dir='ltr'><strong>Δ</strong></span> 
     </span>
    </p>
   </div>
   <div class='ocr_carea' id='block_1_8' title="bbox 201 4481 712 4563">
    <p class='ocr_par' dir='ltr' id='par_1_17' title="bbox 201 4481 712 4563">
     <span class='ocr_line' id='line_1_43' title="bbox 201 4481 712 4563; baseline -0.033 -14"><span class='ocrx_word' id='word_1_389' title='bbox 201 4490 396 4563; x_wconf 81' lang='grc' dir='ltr'><strong><em>Καρχηδόνιος</em></strong></span> <span class='ocrx_word' id='word_1_390' title='bbox 413 4495 461 4543; x_wconf 76' lang='lat' dir='ltr'><strong>n</strong></span> <span class='ocrx_word' id='word_1_391' title='bbox 480 4481 672 4555; x_wconf 80' lang='grc' dir='ltr'><strong><em>Καλχηδόνιος</em></strong></span> <span class='ocrx_word' id='word_1_392' title='bbox 690 4487 712 4533; x_wconf 84' lang='lat' dir='ltr'>V</span> 
     </span>
    </p>
   </div>
   <div class='ocr_carea' id='block_1_9' title="bbox 0 0 1522 5114">
    <p class='ocr_par' dir='ltr' id='par_1_18' title="bbox 0 0 1522 5114">
     <span class='ocr_line' id='line_1_44' title="bbox 0 0 1522 5114; baseline 0 3"><span class='ocrx_word' id='word_1_393' title='bbox 0 0 1522 5114; x_wconf 95' lang='lat' dir='ltr'><strong><em> </em></strong></span> 
     </span>
    </p>
   </div>
  </div>
 </body>
</html>
