3036 5114
666 320 881 377 HESYCHIUS.
1282 324 1342 386 151

201 498 286 566 ψατο
314 483 352 553 τὸ
382 479 616 553 οίκοσκοπικὸν
647 481 811 569 οἰώνισμα
846 480 911 567 [ὅτι
942 476 1017 551 οἷον
1049 487 1079 549 εί
1111 484 1147 550 ἐν
1178 488 1218 570 τῇ
1246 485 1343 572 στέγῃ

175 676 177 680 .
201 590 308 679 ἐφάνη
337 597 421 679 γαλῆ
445 589 466 680 ἢ
486 591 577 679 ὄφις,
600 590 678 660 τόδε
701 595 878 678 σημαίνει]

289 719 466 785 DLXXIV.
495 719 684 802 Ξενοφῶν
698 714 852 802 Γρύλλον
863 713 1052 802 Ἀθηναῖος,
1066 713 1254 800 φιλόσοφος
1270 721 1344 780 Σω-

200 823 369 912 κρατικός,
400 819 437 902 ὃς
465 826 594 915 πρῶτος
623 827 746 911 ἔγραψε
774 828 870 907 βίους
893 821 1092 909 φιλοσόφων
1116 822 1171 888 καὶ
1195 818 1343 907 άπομνη-
1380 830 1449 882 λιν-ι

200 930 401 1018 μονεύματα.
422 935 543 1010 παῖδας
558 935 653 1016 ἔσχεν
667 927 731 997 ’άπὸ
745 935 907 1016 Φιλησίας
917 927 1070 1016 Γρύλλον
1084 927 1139 995 καί
1150 926 1343 1014 Διόδωρον,
1356 948 1370 989 ⁵
1460 974 1471 995 .

202 1044 237 1106 οἳ
256 1038 311 1105 καὶ
331 1036 537 1129 ᾼιάσκουροι
561 1039 756 1105 ἐκαλοῦντο·
779 1032 879 1116 αὐτὸς
903 1034 940 1103 δὲ
956 1032 1083 1127 Ἀττικὴ
1105 1035 1238 1133 μέλιττα
1262 1036 1343 1102 ἐποι-
1376 1087 1378 1099 .

108 1198 119 1220 ‚
201 1144 370 1233 νομάζετο.
423 1146 541 1232 μέμονε
580 1143 616 1211 δὲ
654 1140 881 1230 συμφοιτητὴς
915 1141 1099 1223 Πλάτωνος
1135 1143 1189 1210 καὶ
1222 1139 1343 1228 ἤκμαζε
1383 1217 1386 1221 ,

199 1252 280 1319 κατά
311 1250 374 1338 τὴν
407 1250 457 1333 oe'
486 1249 686 1339 ὀλυμπιάδα.
736 1254 858 1338 ἔγραψε
890 1255 1003 1336 βιβλία
1032 1255 1171 1318 πλείονα
1198 1252 1266 1317 τῶν
1294 1247 1341 1335 μ’,

200 1349 249 1426 ῶν
267 1359 322 1425 καὶ
344 1363 463 1427 ταῦτα·
486 1357 606 1447 Κύρου
629 1360 780 1436 παιδείας
801 1362 916 1443 βιβλία
939 1356 985 1443 η’,
1004 1356 1124 1445 Κύρου
1147 1354 1343 1443 ἀναβάσεως

199 1470 311 1551 βιβλία
336 1465 375 1550 ζ’,
398 1462 603 1552 Ἑλληνικῶν
626 1470 740 1551 βιβλία
764 1462 802 1550 ζ’,
826 1463 1014 1551 συμπόσιον
1039 1464 1094 1532 καὶ
1118 1462 1203 1531 άλλα
1226 1461 1340 1531 πολλά.
1356 1487 1381 1526 ιο

285 1592 444 1659 DLXXV.
480 1591 670 1675 Ξενοφῶν
685 1584 869 1674 Ἀντιοχεύς
888 1586 1061 1675 ἱστορικός.
1098 1588 1343 1674 Βαβυλωνιακά

198 1700 282 1789 (ἔστι
307 1699 343 1767 δὲ
368 1696 531 1790 ἐραταί)

284 1826 461 1893 DLXXVI.
489 1826 679 1909 Ξενοφῶν
698 1820 849 1908 Ἐφέσιος
863 1819 1039 1908 ίστορικός.
1065 1816 1242 1906 Ἐφεσιακά
1258 1821 1340 1908 (ἔστι

197 1932 234 2000 δὲ
258 1929 400 2030 άρωτωιδ
420 1936 532 2018 βιβλία
557 1929 582 1998 ι’
605 1929 680 2016 περὶ
706 1926 913 2015 Ἀβροκόμου
935 1928 991 1995 καὶ
1016 1927 1161 2014 Ανθίας)
1185 1927 1240 1994 καὶ
1266 1927 1340 2015 περὶ
1397 1945 1400 1949 ’

196 2043 254 2127 τῆς
275 2038 403 2119 πόλεως
422 2037 585 2124 Ἐφεσίων
608 2037 663 2103 καὶ
686 2033 778 2103 ἄλλα.
1354 2064 1380 2104 ιε

282 2165 477 2232 DLXXVII.
517 2163 733 2248 Ξενοφῶν
760 2157 911 2245 Κύπριος
939 2157 1114 2245 ίστορικύς.
1160 2158 1339 2248 Κυπριακά
1458 2229 1460 2234 ,

195 2272 280 2358 (ἔστι
300 2269 336 2338 δὲ
354 2271 409 2337 καί
429 2266 513 2338 αύτά
533 2270 702 2356 ἐρωτικῶν
721 2263 922 2363 ὑποθέσεων
938 2269 1067 2355 ίστορία
1086 2267 1160 2356 περὶ
1179 2292 1213 2335 τε
1235 2265 1339 2334 Κινύ-

195 2404 258 2465 ραν
281 2379 336 2446 xci
361 2376 508 2464 Μύρραν
531 2379 587 2443 καὶ
601 2373 775 2465 Ἀδωνιν).

284 2495 493 2561 DLXXVIII.
535 2489 738 2577 Οίνύμαος
760 2489 945 2577 Γαδαρεύς,
974 2488 1164 2576 φιλόσοφος
1193 2488 1339 2576 κυνικός,

119 2638 158 2670 ιι.
193 2597 340 2687 μεγονῶς
363 2597 404 2668 ού
426 2603 537 2692 πολλῷ
560 2595 782 2688 πρεσβύτερος
809 2601 1017 2684 Πορφυρίου.
1061 2596 1136 2682 περὶ
1159 2600 1336 2683 κυνισμοῦ,
1350 2629 1377 2670 ιο

82 2694 86 2701 ’
193 2712 377 2792 πολιτείαν,
399 2706 475 2793 περὶ
497 2709 556 2793 τῆς
573 2701 655 2772 καθ’
668 2701 816 2790 Ὅμηρον
835 2708 1049 2790 φιλοσοφίας,
1072 2703 1146 2792 περὶ
1165 2702 1338 2789 Κράτητος
1363 2736 1366 2741 ’
1421 2738 1424 2743 ·

195 2813 250 2881 καὶ
275 2814 461 2900 Διογένους
482 2813 538 2881 καί
561 2816 628 2881 τῶν
651 2813 787 2879 λοιπῶν.

282 2930 457 2998 DLXXIX.
492 2926 808 3017 Ὀλυμπιόδωρος
826 2925 1014 3013 φιλόσοφος
1029 2923 1273 3014 Ἀλεξανδρεύς,
1296 2917 1338 2995 ού

191 3174 336 3249 οίύνιομα.
368 3179 400 3234 In
420 3179 521 3234 Suidae
539 3178 620 3233 libris
638 3178 708 3234 hoec
726 3177 787 3232 vita
804 3176 841 3232 ad
866 3178 971 3234 calcem
990 3177 1154 3233 Xenocratis
1176 3177 1339 3248 philosophi

192 3259 291 3315 addita
305 3263 348 3316 est
430 3266 443 3316 1
463 3253 507 3315 ὅτι
523 3292 555 3299 -
570 3259 635 3314 exit.
652 3275 685 3313 ex
699 3257 804 3314 δαλίον
822 3257 916 3328 glossa
934 3254 1072 3329 οἰώνισμα
1089 3257 1273 3326 adscriptum,
1293 3257 1338 3312 cni

190 3338 308 3394 fortasse
327 3339 388 3394 totu
406 3339 466 3394 vita
484 3339 611 3408 debetur,
629 3337 863 3407 quemadmodum
883 3339 991 3408 glossae
1002 3333 1126 3407 Ἕλενος,
1144 3334 1261 3406 Πόλλης,
1280 3340 1337 3392 Πο-

190 3416 348 3488 σειδώνιος,
367 3437 436 3489 quas
456 3420 582 3476 consulto
600 3419 655 3475 hac
674 3418 795 3474 editione
814 3418 896 3473 omini

261 3499 401 3555 DLXXIV
420 3507 435 3554 3
457 3496 566 3569 Γρύλον
585 3503 614 3556 et
631 3517 695 3555 mox
716 3495 825 3567 Γρύλον
839 3504 862 3551 Δ
881 3496 1006 3568 Γρύλλου
1020 3500 1093 3569 ναῖς.
1147 3502 1163 3550 8
1184 3494 1233 3568 οβ’
1253 3495 1336 3567 Diog.

189 3581 224 3650 11,
244 3585 277 3635 55
298 3576 344 3652 ον’
364 3584 467 3633 ABVE
487 3577 535 3652 αρ’
554 3581 603 3636 rel.
677 3586 693 3634 9
712 3579 752 3633 cf.
772 3597 798 3632 v.
820 3577 1025 3649 Θεμιστογένης

262 3668 420 3724 DLxxv-
427 3668 582 3723 DLXXVII
596 3669 638 3723 De
651 3668 741 3738 primo
754 3671 784 3724 et
792 3669 876 3724 tertio
886 3668 1040 3740 disputavit
1049 3667 1156 3735 Rohde,
1170 3668 1216 3725 Gr.
1227 3667 1336 3724 Roman

190 3767 217 3818 p.
233 3754 285 3803 346
305 3749 350 3818 (τί.
366 3750 446 3820 Diog.
461 3751 496 3816 ΙΙ,
510 3752 564 3818 69),
583 3748 618 3803 de
636 3749 726 3803 altero
745 3748 782 3804 ib.
801 3767 827 3818 p.
843 3755 895 3806 388
910 3768 976 3819 τοο,
996 3749 1044 3818 qui
1062 3767 1090 3818 p.
1105 3755 1157 3805 346
1177 3753 1235 3806 not.
1250 3756 1266 3803 2
1284 3765 1335 3804 nee

191 3827 313 3898 priorem
328 3831 356 3883 et
370 3847 397 3899 p.
408 3835 461 3884 394
471 3846 528 3897 eeq.
543 3844 595 3883 nec
609 3829 729 3884 alterum
743 3830 934 3901 pseudonymo
949 3829 1060 3885 nomine
1074 3848 1155 3886 neum
1168 3847 1228 3886 εεεο
1242 3834 1334 3887 oeten·

189 3909 233 3964 dit
324 3917 355 3963 11
380 3910 421 3965 sic
439 3916 488 3963 AV
512 3905 696 3981 Βαβυλωνικά
719 3911 792 3980 vulp.
812 3914 913 3984 Βαβολ.
938 3911 1023 3966 etiam
1046 3911 1201 3966 Iamblicho
1225 3912 1333 3982 duntur,

189 3988 268 4044 cuiue
287 3989 322 4044 oi.
341 3988 429 4044 vitam
503 3996 534 4044 13
554 3988 636 4044 Hunc
654 3988 726 4044 inter
745 3991 865 4048 ultorum
888 3995 916 4048 et
934 3991 1049 4048 tertium
1070 3992 1213 4047 saeculum
1233 3992 1334 4048 vixisse

189 4070 275 4126 evicit
291 4071 386 4127 Κολιιλο
399 4090 426 4141 p.
442 4077 493 4126 392
568 4077 601 4125 14
620 4088 683 4126 cum
702 4071 871 4142 Ephesiam,
890 4090 963 4145 quae
980 4072 1064 4128 hodie
1084 4075 1191 4142 extant,
1211 4075 1333 4144 quinque

189 4150 276 4207 libros
296 4152 467 4219 contineant,
486 4152 628 4221 epitomen
641 4149 693 4205 iila
709 4152 847 4222 genuinae
862 4152 974 4209 fabulae
988 4169 1049 4208 eoae
1063 4152 1136 4208 vidit
1148 4154 1252 4220 Βαλίε,
1271 4153 1289 4207 l.
1309 4170 1332 4207 ο.

189 4248 216 4300 p.
235 4237 286 4286 401
308 4235 364 4287 not.
439 4238 471 4286 17
490 4228 617 4302 Κινύρας
635 4231 683 4286 καλ
701 4228 822 4304 Μύρρας
840 4234 888 4289 κοιλ
904 4228 1049 4296 Ἀδώνιδος
1067 4234 1204 4289 Κκελεκαε

259 4321 427 4376 DLXXVHI
445 4329 480 4377 20
499 4317 533 4378 ού
549 4322 640 4395 πολλῷ
659 4326 756 4394 πρεσβ.
771 4325 864 4393 Πορφ.
883 4323 917 4378 de
937 4321 1074 4380 eiusnodi
1094 4320 1205 4377 dicendi
1223 4319 1332 4376 ratione

190 4402 224 4458 of.
244 4401 355 4470 nonde,
375 4403 446 4457 nus.
465 4404 554 4459 aneu.
574 4403 690 4457 xxxin
710 4424 737 4475 p.
754 4409 875 4473 170oeq.

261 4480 401 4536 anxlx
420 4500 474 4537 om.
490 4483 627 4537 Weeterm.
