3036 5114
247 329 308 384 LIV
679 333 959 391 ruchnuonnns.

249 492 395 560 Πλάτων
414 501 446 561 et
465 493 646 581 Σωκράτης
666 498 813 563 concludi
833 501 951 583 potest.
983 499 1081 565 Illum
1102 500 1230 585 quidem
1249 499 1395 564 laudarit

249 627 277 668 v.
294 599 493 687 Ἀμμώνιος,
513 608 672 688 Γοργίας,
694 599 929 690 Ἐμπεδοκλῆς,
956 608 1120 688 Ησίοδος,
1135 602 1293 691 Ὅμηρος,
1318 611 1392 672 Σω-

248 708 384 795 κράτης,
407 711 609 796 ’Φερεκύδης
638 707 858 798 Ἀθηναίωι)
905 714 1018 778 Plures
1052 715 1120 779 eius
1149 714 1301 799 reliquias
1329 715 1393 780 col-

248 817 330 903 legii
358 817 482 901 noha,
517 818 600 883 uus.
629 818 731 883 alen.
754 818 895 883 xxxin
923 843 954 904 p.
985 821 1043 884 171
1075 800 1143 885 na.
1172 825 1205 885 a
1233 821 1298 887 205
1326 826 1394 887 not.

249 925 320 989 coll.
340 947 367 989 v.
382 921 602 1007 Πυθαγόρας,
621 924 781 1008 Πύρρων,
794 920 966 1003 Ἑκαταῖος
985 930 1066 991 arra
1080 927 1120 991 al.
1149 927 1392 1013 Nonnunquam

250 1032 379 1097 Suidam
400 1032 451 1097 vel
471 1032 625 1098 lectorem
644 1033 740 1117 plura
758 1032 856 1098 etiam
875 1055 913 1097 ex
932 1032 1116 1118 Porphyris
1134 1033 1288 1118 Hesychii
1307 1035 1394 1100 vitae

148 1145 151 1151 ’
248 1140 433 1204 adiunxisse
461 1139 527 1204 dixi
555 1138 636 1205 Mus.
656 1140 757 1204 Rhen.
777 1138 901 1203 XXXV
915 1164 946 1225 p.
963 1141 1023 1205 191
1045 1163 1110 1226 seq.
1129 1137 1396 1225 οο]1.τ.”ομηρος

248 1254 282 1312 et
297 1243 486 1331 Σωκράτης.
504 1246 684 1331 Porphyrio
700 1247 838 1311 fortasse
854 1247 1018 1330 debentur,
1033 1269 1113 1333 quae
1128 1249 1213 1332 apud
1228 1248 1394 1313 Laertium

248 1354 429 1440 Diogenem
457 1375 688 1438 nonnunquam
717 1353 891 1418 desiderari
920 1358 1060 1437 constat,
1087 1355 1178 1420 velut
1205 1378 1233 1420 v.
1248 1351 1394 1420 Πλάτων

249 1484 471 1528 successorum
499 1461 593 1525 index
621 1460 717 1525 nobis
746 1465 906 1546 serratus,
935 1466 968 1526 et
994 1461 1033 1525 de
1057 1461 1211 1526 caelibari
1235 1462 1303 1526 eius
1328 1462 1395 1526 vita

249 1569 497 1634 narratiuncula.
539 1566 685 1652 Denique
709 1567 808 1631 etiam
832 1568 865 1631 in
889 1567 956 1632 vita
980 1567 1167 1633 Aristotelis
1190 1568 1395 1654 Managiana‚

250 1697 470 1741 successorum
488 1678 625 1738 stemma
644 1678 677 1737 et
694 1674 832 1738 alterum
847 1674 1004 1740 librorum
1018 1674 1167 1759 indicem,
1181 1676 1236 1760 qui
1251 1674 1394 1741 Laertia·

249 1807 327 1848 nu1n
347 1784 459 1848 statim
480 1780 614 1865 excipit,
641 1778 715 1863 περὶ
742 1781 810 1845 τῶν
835 1779 995 1858 Σόλωνος
1023 1776 1156 1861 ἀξόνων
1178 1821 1218 1829 -
1240 1783 1329 1864 exit,
1357 1805 1395 1847 ex

157 1956 160 1965 ,
248 1890 430 1974 Porphyrio
454 1889 572 1974 partim
592 1889 694 1954 libros
713 1911 732 1953 a
753 1888 882 1953 Laertio
906 1895 1111 1955 enumeratos
1136 1892 1269 1955 mutatis
1288 1890 1395 1955 verbis

249 1998 448 2063 describente
471 1997 602 2061 fluxisse
621 1995 774 2080 suspicor.
810 1995 1011 2080 Porphyrius
1031 1998 1117 2062 enim
1137 1998 1215 2082 quin
1234 1998 1273 2062 de
1292 1999 1393 2063 omni·

248 2106 309 2170 bus
329 2104 476 2170 Platonis
495 2103 661 2187 discipulis
681 2102 780 2168 verba
797 2102 911 2168 fecerit
928 2104 1038 2169 nullus
1057 2105 1184 2188 dubito,
1207 2127 1266 2171 nec
1287 2106 1395 2170 ininus

249 2212 373 2297 prolixe
392 2234 465 2276 eum
486 2211 524 2275 de
546 2211 675 2296 scriptis
694 2210 876 2294 disputasse
896 2233 933 2275 ex
953 2213 1000 2276 vit
1019 2211 1137 2276 Plotin.
1156 2235 1181 2277 c.
1192 2214 1240 2277 ’24
1250 2235 1316 2298 seq.
1330 2214 1395 2278 col-

249 2320 307 2404 ligi
344 2321 461 2403 potest.
507 2316 716 2381 Valentinum
754 2321 863 2381 autem
895 2318 1051 2403 Roseum,
1089 2320 1144 2405 qui
1182 2321 1391 2405 appendicem

250 2426 490 2510 Hesychianam
514 2425 651 2489 alterum
674 2423 813 2489 indicem
837 2424 931 2508 dixit,
955 2448 1080 2491 errasse
1103 2449 1202 2510 supra
1220 2427 1364 2511 exposui.

338 2542 388 2607 Ex
421 2542 581 2607 minorum
615 2541 883 2625 philosophorum
921 2564 1054 2607 numero
1087 2542 1274 2607 adhibuisse
1311 2543 1395 2608 ride·

250 2657 303 2719 tur
317 2647 531 2714 Aristoelis
546 2648 653 2713 decem
669 2646 744 2731 περὶ
759 2651 961 2732 φιλοσοφίας
975 2646 1125 2735 libros²)‚
1139 2672 1235 2735 quem
1249 2648 1396 2715 laudavit
1491 2659 1495 2667 '

251 2782 278 2824 r.
294 2752 462 2833 Σωτάδας.
504 2754 603 2819 Cuius
628 2755 736 2837 plures
761 2755 915 2841 reliquias
939 2779 1010 2820 eum
1035 2756 1076 2820 ab
1100 2755 1242 2821 Eusebio
1250 2806 1259 2839 ‚
1282 2756 1396 2842 Pracp.

250 2867 309 2931 Er.
324 2862 411 2946 XIV,
438 2864 476 2927 11
493 2860 643 2945 seq.XV,
667 2863 687 2925 2
710 2866 743 2925 et
769 2863 809 2926 14
822 2884 886 2945 seq.
918 2867 1061 2926 servatas
1089 2884 1160 2927 esse
1188 2868 1314 2929 constet
1342 2862 1397 2948 (cf.

251 2972 382 3053 Miiller,
405 2970 442 3033 fr.
456 2968 532 3033 hist.
547 2967 594 3031 IV
609 2991 638 3052 p.
654 2969 719 3033 329
738 2967 832 3052 not),
860 2969 938 3034 haec
967 2970 999 3033 in
1021 2968 1177 3054 Hesychii
1205 2971 1282 3034 vitis
1310 2970 1396 3055 frag·

252 3083 362 3143 menta
395 3078 500 3141 inesse
533 3076 652 3140 iudico:
685 3078 797 3159 Τίμων
825 3080 857 3140 et
885 3071 1035 3157 Πύρρων
1062 3077 1136 3142 coll.
1151 3076 1240 3156 XIV,
1264 3077 1305 3141 18
1330 3076 1394 3151 (lll

251 3210 281 3271 p.
297 3185 362 3250 505
376 3182 501 3269 Gaisf.)‚
512 3177 648 3265 Ἑρμίας
662 3187 695 3247 et
706 3177 931 3266 Ἀριστοτέλης
940 3183 1012 3248 coll.
1022 3183 1091 3263 XV,
1107 3182 1203 3268 aslv
1213 3211 1241 3266 p.
1254 3187 1292 3249 11
1306 3182 1398 3272 seq.)‚

252 3287 479 3374 Πρωταγόρας
503 3291 573 3355 coll.
587 3288 676 3373 XIV,
702 3291 741 3354 19
761 3288 825 3370 (ΠΙ
844 3312 874 3373 p.
889 3289 950 3355 511
965 3288 1059 3376 seq.)‚
1082 3313 1140 3357 nec
1163 3292 1290 3375 dubito,
1318 3291 1394 3376 quin

252 3401 346 3484 plura
374 3398 477 3463 adhuc
505 3398 539 3461 in
566 3397 643 3461 ritis
674 3397 805 3461 lateant.
854 3396 932 3461 Rem
961 3398 1139 3482 tetigerunt
1167 3399 1265 3463 etiam
1294 3397 1397 3481 Daub,

253 3508 342 3572 Stud.
357 3530 387 3590 p.
405 3507 466 3570 144
480 3527 555 3589 τοο,
573 3503 696 3587 sobbe,
718 3505 815 3569 Arist.
832 3506 887 3568 vit.
901 3502 1067 3568 Marciana
1085 3527 1115 3588 p.
1127 3506 1178 3589 31,
1197 3507 1251 3591 qui
1271 3506 1305 3570 in
1324 3506 1396 3590 ipsa

252 3615 339 3679 ritae
366 3613 550 3677 recensione
574 3635 604 3695 p.
628 3611 662 3694 3,
686 3612 705 3676 8
732 3605 958 3695 Ἀριστόξενος
988 3649 1024 3657 -
1054 3609 1119 3676 καὶ
1145 3606 1397 3696 Ἀριστοκλῆς

253 3767 463 3777 ..-----

326 3863 351 3929 1)
375 3858 502 3915 Ridicule
526 3859 626 3913 Maass.
646 3859 663 3912 1.
683 3877 706 3914 ο.
731 3877 756 3929 p.
779 3864 829 3913 119
848 3861 904 3913 not
926 3863 975 3913 123
1002 3876 1057 3914 non
1082 3860 1118 3915 ab
1141 3857 1279 3928 Hesychia
1305 3859 1353 3913 sed
1380 3876 1398 3913 a

254 3941 341 3997 Suida
363 3940 544 4009 compilatum
569 3956 627 3993 esse
647 3939 831 4009 Porphyrium
855 3940 1013 4009 profitetur,
1037 3956 1206 4008 quamquam
1225 3955 1320 3992 verum
1339 3937 1396 3993 iam

254 4021 312 4077 dixi
330 4020 400 4074 Mus.
420 4020 507 4088 Rhen.
527 4018 630 4074 XXXV
649 4020 667 4075 l.
688 4037 710 4074 e.
731 4050 764 4059 -
789 4019 863 4074 idem
885 4017 919 4073 de
938 4019 1092 4089 Porphyrio
1111 4037 1136 4073 v.
1157 4014 1285 4080 Ἡσίοδος
1304 4017 1396 4072 hario-

255 4105 328 4158 latus
347 4102 390 4154 est
408 4118 434 4169 p.
452 4106 501 4154 132
521 4102 578 4155 not.
594 4131 628 4140 —-
644 4099 732 4153 Omisi
751 4099 788 4169 gl.
806 4094 937 4169 Ἀμέλιος,
956 4116 1039 4167 quam
1058 4098 1147 4168 ipsum
1169 4098 1283 4153 Snidam
1302 4097 1396 4168 negle-

255 4182 364 4255 gentius
388 4197 420 4235 ex
444 4180 593 4250 Porphyrii
616 4179 664 4234 vit.
684 4179 756 4234 Plot.
776 4186 791 4233 2
815 4180 939 4237 hausisse
966 4181 1038 4235 vidit
1059 4179 1202 4235 Meursius.
1239 4180 1313 4233 Num
1332 4180 1397 4232 Ans·

156 4323 158 4327 ,
255 4265 342 4319 monii
360 4262 420 4316 rita
439 4278 472 4315 ex
486 4261 604 4315 historia
617 4259 813 4329 philosophica
826 4260 948 4329 fluxerit,
967 4259 1080 4314 dubitat
1094 4260 1182 4328 hauh,
1200 4258 1279 4312 stud.
1295 4277 1321 4327 p.
1338 4265 1397 4316 ue.

257 4344 311 4398 Sed
337 4343 365 4396 in
391 4342 488 4396 eodem
515 4342 599 4408 libro,
626 4341 743 4395 fortasse
771 4341 799 4395 in
827 4341 1015 4411 praefatione,
1041 4339 1078 4394 ab
1104 4356 1136 4393 eo
1165 4338 1309 4392 laudatum
1338 4355 1398 4394 esse

256 4423 437 4477 Plutarchum
452 4421 671 4475 Chaeronensem
687 4420 737 4487 (sic
751 4422 873 4492 corrigas
888 4438 938 4492 pro
945 4416 1128 4488 Χεροοὴτιον)
1137 4419 1220 4473 docet
1229 4418 1362 4476 Malalal.
1373 4439 1397 4475 c.
1442 4416 1446 4433 '

327 4508 354 4570 2)
373 4502 414 4559 De
433 4500 467 4556 iis
486 4500 520 4556 cf.
538 4500 776 4572 rwiumowiu,
796 4502 889 4575 Antig.
910 4521 935 4557 v.
952 4500 1017 4557 Kar.
1037 4518 1063 4573 p.
1079 4505 1113 4554 35
1127 4515 1185 4570 seq.
