<?xml version="1.0" encoding="UTF-8"?>
<!DOCTYPE html PUBLIC "-//W3C//DTD XHTML 1.0 Transitional//EN"
    "http://www.w3.org/TR/xhtml1/DTD/xhtml1-transitional.dtd">
<html xmlns="http://www.w3.org/1999/xhtml" xml:lang="en" lang="en">
 <head>
  <title>
</title>
<meta http-equiv="Content-Type" content="text/html;charset=utf-8" />
  <meta name='ocr-system' content='tesseract 3.04.00' />
  <meta name='ocr-capabilities' content='ocr_page ocr_carea ocr_par ocr_line ocrx_word'/>
</head>
<body>
  <div class='ocr_page' id='page_1' title='image "./hesychiimilesii01flacgoog/hesychiimilesii01flacgoog_0048.png"; bbox 0 0 3036 5114; ppageno 0'>
   <div class='ocr_carea' id='block_1_1' title="bbox 608 331 1324 389">
    <p class='ocr_par' dir='ltr' id='par_1_1' title="bbox 608 331 1324 389">
     <span class='ocr_line' id='line_1_1' title="bbox 608 331 1324 389; baseline -0.001 -1"><span class='ocrx_word' id='word_1_1' title='bbox 608 332 892 389; x_wconf 76' lang='lat' dir='ltr'><strong>Pluuuuocnuna</strong></span> <span class='ocrx_word' id='word_1_2' title='bbox 1263 331 1324 387; x_wconf 82' lang='lat' dir='ltr'><strong>XLI</strong></span> 
     </span>
    </p>
   </div>
   <div class='ocr_carea' id='block_1_2' title="bbox 178 489 1441 582">
    <p class='ocr_par' dir='ltr' id='par_1_2' title="bbox 178 489 1441 582">
     <span class='ocr_line' id='line_1_2' title="bbox 178 489 1441 582; baseline 0.002 -21"><span class='ocrx_word' id='word_1_3' title='bbox 178 497 360 582; x_wconf 78' lang='lat' dir='ltr'><strong>neglexisse</strong></span> <span class='ocrx_word' id='word_1_4' title='bbox 387 499 458 565; x_wconf 86' lang='lat' dir='ltr'><strong>luce</strong></span> <span class='ocrx_word' id='word_1_5' title='bbox 486 499 604 565; x_wconf 87' lang='lat' dir='ltr'><strong>clarius</strong></span> <span class='ocrx_word' id='word_1_6' title='bbox 634 500 694 582; x_wconf 78' lang='lat' dir='ltr'><strong>sIt3</strong></span> <span class='ocrx_word' id='word_1_7' title='bbox 720 498 1007 582; x_wconf 80' lang='grc' dir='ltr'><strong><em>ν.’Σιμανίδης</em></strong></span> <span class='ocrx_word' id='word_1_8' title='bbox 1035 500 1181 579; x_wconf 83' lang='grc' dir='ltr'><strong><em>Αεωιιρ.</em></strong></span> <span class='ocrx_word' id='word_1_9' title='bbox 1209 496 1280 561; x_wconf 88' lang='lat' dir='ltr'><strong>add</strong></span> <span class='ocrx_word' id='word_1_10' title='bbox 1303 489 1325 580; x_wconf 83' lang='grc' dir='ltr'><em>ἡ</em></span> <span class='ocrx_word' id='word_1_11' title='bbox 1437 570 1441 579; x_wconf 46' lang='grc'>,</span> 
     </span>
    </p>
   </div>
   <div class='ocr_carea' id='block_1_3' title="bbox 178 597 1327 904">
    <p class='ocr_par' dir='ltr' id='par_1_3' title="bbox 178 597 1327 904">
     <span class='ocr_line' id='line_1_3' title="bbox 178 597 1325 692; baseline -0.001 -24"><span class='ocrx_word' id='word_1_12' title='bbox 178 597 229 668; x_wconf 80' lang='grc' dir='ltr'><strong>ἐπ’</strong></span> <span class='ocrx_word' id='word_1_13' title='bbox 248 597 439 692; x_wconf 77' lang='grc' dir='ltr'><strong><em>Ἀρτεμισίῳ</em></strong></span> <span class='ocrx_word' id='word_1_14' title='bbox 454 608 638 690; x_wconf 81' lang='grc' dir='ltr'><strong><em>ναυμαχία,</em></strong></span> <span class='ocrx_word' id='word_1_15' title='bbox 657 606 743 691; x_wconf 89' lang='lat' dir='ltr'><strong>quod</strong></span> <span class='ocrx_word' id='word_1_16' title='bbox 761 626 874 671; x_wconf 83' lang='lat' dir='ltr'><strong>verum</strong></span> <span class='ocrx_word' id='word_1_17' title='bbox 889 624 958 669; x_wconf 87' lang='lat' dir='ltr'><strong>esse</strong></span> <span class='ocrx_word' id='word_1_18' title='bbox 973 602 1082 668; x_wconf 84' lang='lat' dir='ltr'><strong>doenil</strong></span> <span class='ocrx_word' id='word_1_19' title='bbox 1095 601 1214 687; x_wconf 81' lang='lat' dir='ltr'><strong>Bergk,</strong></span> <span class='ocrx_word' id='word_1_20' title='bbox 1233 602 1325 669; x_wconf 89' lang='lat' dir='ltr'><strong>Poet.</strong></span> 
     </span>
     <span class='ocr_line' id='line_1_4' title="bbox 178 705 1327 799; baseline 0 -25"><span class='ocrx_word' id='word_1_21' title='bbox 178 710 255 794; x_wconf 86' lang='lat' dir='ltr'><strong>Lyr.</strong></span> <span class='ocrx_word' id='word_1_22' title='bbox 276 732 307 794; x_wconf 92' lang='lat' dir='ltr'><strong>p.</strong></span> <span class='ocrx_word' id='word_1_23' title='bbox 328 711 460 799; x_wconf 80' lang='lat'>1145¹);</span> <span class='ocrx_word' id='word_1_24' title='bbox 484 735 513 777; x_wconf 89' lang='lat' dir='ltr'><strong>v.</strong></span> <span class='ocrx_word' id='word_1_25' title='bbox 534 715 667 778; x_wconf 87' lang='grc' dir='ltr'><strong><em>Φίλων</em></strong></span> <span class='ocrx_word' id='word_1_26' title='bbox 687 716 778 797; x_wconf 87' lang='grc' dir='ltr'><strong><em>Βυβ.</em></strong></span> <span class='ocrx_word' id='word_1_27' title='bbox 802 712 872 778; x_wconf 87' lang='lat' dir='ltr'><strong>add.</strong></span> <span class='ocrx_word' id='word_1_28' title='bbox 896 707 1126 795; x_wconf 78' lang='grc' dir='ltr'><strong><em>ἐπιγράμματα</em></strong></span> <span class='ocrx_word' id='word_1_29' title='bbox 1149 712 1263 793; x_wconf 79' lang='grc' dir='ltr'><strong><em>βιβλία</em></strong></span> <span class='ocrx_word' id='word_1_30' title='bbox 1282 705 1327 794; x_wconf 84' lang='grc' dir='ltr'><strong>δ’,</strong></span> 
     </span>
     <span class='ocr_line' id='line_1_5' title="bbox 181 816 1327 904; baseline -0.001 -22"><span class='ocrx_word' id='word_1_31' title='bbox 181 840 263 903; x_wconf 89' lang='lat' dir='ltr'><strong>quae</strong></span> <span class='ocrx_word' id='word_1_32' title='bbox 291 819 475 904; x_wconf 81' lang='lat' dir='ltr'><strong>suspicione</strong></span> <span class='ocrx_word' id='word_1_33' title='bbox 505 842 619 886; x_wconf 87' lang='lat' dir='ltr'><strong>vacare</strong></span> <span class='ocrx_word' id='word_1_34' title='bbox 648 821 729 886; x_wconf 90' lang='lat' dir='ltr'><strong>vidit</strong></span> <span class='ocrx_word' id='word_1_35' title='bbox 745 819 880 904; x_wconf 70' lang='grc' dir='ltr'><strong>Μῆδοι,</strong></span> <span class='ocrx_word' id='word_1_36' title='bbox 908 818 945 883; x_wconf 87' lang='lat' dir='ltr'><strong>fr.</strong></span> <span class='ocrx_word' id='word_1_37' title='bbox 968 818 1043 882; x_wconf 83' lang='lat' dir='ltr'><strong>hist</strong></span> <span class='ocrx_word' id='word_1_38' title='bbox 1066 816 1115 883; x_wconf 92' lang='lat' dir='ltr'><strong>III</strong></span> <span class='ocrx_word' id='word_1_39' title='bbox 1142 838 1171 901; x_wconf 89' lang='lat' dir='ltr'><strong>p.</strong></span> <span class='ocrx_word' id='word_1_40' title='bbox 1191 816 1269 901; x_wconf 81' lang='lat'>5603</span> <span class='ocrx_word' id='word_1_41' title='bbox 1298 840 1327 890; x_wconf 85' lang='lat' dir='ltr'><strong>v,</strong></span> 
     </span>
    </p>
   </div>
   <div class='ocr_carea' id='block_1_4' title="bbox 62 921 1326 1012">
    <p class='ocr_par' dir='ltr' id='par_1_4' title="bbox 62 921 1326 1012">
     <span class='ocr_line' id='line_1_6' title="bbox 62 921 1326 1012; baseline -0.002 -22"><span class='ocrx_word' id='word_1_42' title='bbox 62 967 64 970; x_wconf 57' lang='lat'>&gt;</span> <span class='ocrx_word' id='word_1_43' title='bbox 183 927 356 1010; x_wconf 80' lang='grc' dir='ltr'><strong><em>Φιλητᾶς</em></strong></span> <span class='ocrx_word' id='word_1_44' title='bbox 383 927 453 992; x_wconf 88' lang='lat' dir='ltr'><strong>sola</strong></span> <span class='ocrx_word' id='word_1_45' title='bbox 480 927 550 992; x_wconf 89' lang='lat' dir='ltr'><strong>add.</strong></span> <span class='ocrx_word' id='word_1_46' title='bbox 577 923 617 993; x_wconf 78' lang='grc' dir='ltr'><strong>τὰ</strong></span> <span class='ocrx_word' id='word_1_47' title='bbox 644 924 833 1012; x_wconf 81' lang='grc' dir='ltr'><strong><em>καλούμενα</em></strong></span> <span class='ocrx_word' id='word_1_48' title='bbox 858 921 1025 1007; x_wconf 84' lang='grc' dir='ltr'><strong><em>Ναξιακά,</em></strong></span> <span class='ocrx_word' id='word_1_49' title='bbox 1054 946 1135 1009; x_wconf 88' lang='lat' dir='ltr'><strong>quae</strong></span> <span class='ocrx_word' id='word_1_50' title='bbox 1169 924 1209 989; x_wconf 91' lang='lat' dir='ltr'><strong>ad</strong></span> <span class='ocrx_word' id='word_1_51' title='bbox 1236 923 1326 988; x_wconf 92' lang='lat' dir='ltr'><strong>Phil-</strong></span> 
     </span>
    </p>
   </div>
   <div class='ocr_carea' id='block_1_5' title="bbox 179 1020 1327 1334">
    <p class='ocr_par' dir='ltr' id='par_1_5' title="bbox 179 1020 1327 1334">
     <span class='ocr_line' id='line_1_7' title="bbox 180 1020 1326 1120; baseline -0.001 -23"><span class='ocrx_word' id='word_1_52' title='bbox 180 1036 265 1098; x_wconf 84' lang='lat' dir='ltr'><strong>team</strong></span> <span class='ocrx_word' id='word_1_53' title='bbox 292 1032 483 1100; x_wconf 85' lang='lat' dir='ltr'><strong>historicum</strong></span> <span class='ocrx_word' id='word_1_54' title='bbox 514 1038 659 1118; x_wconf 83' lang='lat' dir='ltr'><strong>spectare</strong></span> <span class='ocrx_word' id='word_1_55' title='bbox 691 1020 768 1120; x_wconf 83' lang='lat' dir='ltr'><strong>post</strong></span> <span class='ocrx_word' id='word_1_56' title='bbox 796 1033 992 1099; x_wconf 86' lang='lat' dir='ltr'><strong>Meinekium</strong></span> <span class='ocrx_word' id='word_1_57' title='bbox 1025 1030 1105 1096; x_wconf 89' lang='lat' dir='ltr'><strong>vidit</strong></span> <span class='ocrx_word' id='word_1_58' title='bbox 1134 1029 1252 1096; x_wconf 77' lang='lat' dir='ltr'><strong>MbIler</strong></span> <span class='ocrx_word' id='word_1_59' title='bbox 1278 1030 1326 1096; x_wconf 88' lang='lat' dir='ltr'><strong>IV</strong></span> 
     </span>
     <span class='ocr_line' id='line_1_8' title="bbox 179 1136 1326 1225; baseline -0.003 -20"><span class='ocrx_word' id='word_1_60' title='bbox 179 1164 210 1225; x_wconf 90' lang='lat' dir='ltr'><strong>p.</strong></span> <span class='ocrx_word' id='word_1_61' title='bbox 229 1140 308 1224; x_wconf 74' lang='lat'><strong>478,</strong></span> <span class='ocrx_word' id='word_1_62' title='bbox 336 1140 419 1205; x_wconf 91' lang='lat' dir='ltr'><strong>unde</strong></span> <span class='ocrx_word' id='word_1_63' title='bbox 443 1142 541 1206; x_wconf 89' lang='lat' dir='ltr'><strong>etiam</strong></span> <span class='ocrx_word' id='word_1_64' title='bbox 565 1140 711 1206; x_wconf 88' lang='lat' dir='ltr'><strong>Pbilteae</strong></span> <span class='ocrx_word' id='word_1_65' title='bbox 740 1141 840 1206; x_wconf 83' lang='lat' dir='ltr'><strong>vitam</strong></span> <span class='ocrx_word' id='word_1_66' title='bbox 863 1161 948 1205; x_wconf 90' lang='lat' dir='ltr'><strong>nune</strong></span> <span class='ocrx_word' id='word_1_67' title='bbox 976 1138 1176 1223; x_wconf 75' lang='lat' dir='ltr'><strong>deperditam</strong></span> <span class='ocrx_word' id='word_1_68' title='bbox 1204 1137 1238 1202; x_wconf 92' lang='lat' dir='ltr'><strong>in</strong></span> <span class='ocrx_word' id='word_1_69' title='bbox 1261 1136 1326 1202; x_wconf 92' lang='lat' dir='ltr'><strong>He-</strong></span> 
     </span>
     <span class='ocr_line' id='line_1_9' title="bbox 181 1245 1327 1334; baseline -0.001 -23"><span class='ocrx_word' id='word_1_70' title='bbox 181 1247 285 1331; x_wconf 89' lang='lat' dir='ltr'><strong>sychii</strong></span> <span class='ocrx_word' id='word_1_71' title='bbox 308 1246 547 1333; x_wconf 88' lang='lat' dir='ltr'><strong>Onomatologo</strong></span> <span class='ocrx_word' id='word_1_72' title='bbox 571 1249 768 1334; x_wconf 82' lang='lat' dir='ltr'><strong>descriptam</strong></span> <span class='ocrx_word' id='word_1_73' title='bbox 797 1248 897 1314; x_wconf 89' lang='lat' dir='ltr'><strong>fuisse</strong></span> <span class='ocrx_word' id='word_1_74' title='bbox 921 1246 1036 1312; x_wconf 87' lang='lat' dir='ltr'><strong>merito</strong></span> <span class='ocrx_word' id='word_1_75' title='bbox 1065 1245 1177 1333; x_wconf 79' lang='lat' dir='ltr'><strong>colligi</strong></span> <span class='ocrx_word' id='word_1_76' title='bbox 1203 1249 1327 1329; x_wconf 84' lang='lat' dir='ltr'><strong>potest;</strong></span> 
     </span>
    </p>
   </div>
   <div class='ocr_carea' id='block_1_6' title="bbox 178 1348 1326 1868">
    <p class='ocr_par' dir='ltr' id='par_1_6' title="bbox 178 1348 1326 1868">
     <span class='ocr_line' id='line_1_10' title="bbox 181 1348 1326 1441; baseline -0.003 -21"><span class='ocrx_word' id='word_1_77' title='bbox 181 1379 210 1420; x_wconf 85' lang='lat' dir='ltr'><strong>v.</strong></span> <span class='ocrx_word' id='word_1_78' title='bbox 235 1350 514 1439; x_wconf 83' lang='grc' dir='ltr'><strong><em>Χριστόδωρος</em></strong></span> <span class='ocrx_word' id='word_1_79' title='bbox 537 1355 608 1421; x_wconf 86' lang='lat' dir='ltr'><strong>add.</strong></span> <span class='ocrx_word' id='word_1_80' title='bbox 632 1353 860 1441; x_wconf 77' lang='grc' dir='ltr'><strong><em>ἐπιγράμματα</em></strong></span> <span class='ocrx_word' id='word_1_81' title='bbox 883 1350 927 1438; x_wconf 80' lang='grc' dir='ltr'><strong>γ’,</strong></span> <span class='ocrx_word' id='word_1_82' title='bbox 951 1348 1124 1430; x_wconf 77' lang='grc' dir='ltr'><strong><em>ἐπιστολὰς</em></strong></span> <span class='ocrx_word' id='word_1_83' title='bbox 1146 1355 1259 1436; x_wconf 83' lang='grc' dir='ltr'><strong><em>βιβλία</em></strong></span> <span class='ocrx_word' id='word_1_84' title='bbox 1279 1348 1326 1436; x_wconf 82' lang='grc' dir='ltr'><strong>δ’,</strong></span> 
     </span>
     <span class='ocr_line' id='line_1_11' title="bbox 181 1460 1325 1549; baseline -0.001 -22"><span class='ocrx_word' id='word_1_85' title='bbox 181 1463 219 1528; x_wconf 89' lang='lat' dir='ltr'><strong>de</strong></span> <span class='ocrx_word' id='word_1_86' title='bbox 243 1463 359 1548; x_wconf 91' lang='lat' dir='ltr'><strong>quibus</strong></span> <span class='ocrx_word' id='word_1_87' title='bbox 382 1485 449 1529; x_wconf 88' lang='lat' dir='ltr'><strong>non</strong></span> <span class='ocrx_word' id='word_1_88' title='bbox 473 1485 553 1528; x_wconf 88' lang='lat' dir='ltr'><strong>sana</strong></span> <span class='ocrx_word' id='word_1_89' title='bbox 576 1467 667 1529; x_wconf 83' lang='lat' dir='ltr'><strong>extat</strong></span> <span class='ocrx_word' id='word_1_90' title='bbox 691 1463 869 1549; x_wconf 86' lang='lat' dir='ltr'><strong>disputatio</strong></span> <span class='ocrx_word' id='word_1_91' title='bbox 893 1460 1020 1527; x_wconf 88' lang='lat' dir='ltr'><strong>Pulohii</strong></span> <span class='ocrx_word' id='word_1_92' title='bbox 1043 1482 1074 1544; x_wconf 92' lang='lat' dir='ltr'><strong>p.</strong></span> <span class='ocrx_word' id='word_1_93' title='bbox 1093 1461 1145 1544; x_wconf 86' lang='grc'><strong>90,</strong></span> <span class='ocrx_word' id='word_1_94' title='bbox 1168 1482 1240 1525; x_wconf 90' lang='lat' dir='ltr'><strong>cum</strong></span> <span class='ocrx_word' id='word_1_95' title='bbox 1264 1482 1325 1526; x_wconf 89' lang='lat' dir='ltr'><strong>nec</strong></span> 
     </span>
     <span class='ocr_line' id='line_1_12' title="bbox 182 1565 1325 1657; baseline -0.003 -23"><span class='ocrx_word' id='word_1_96' title='bbox 182 1571 220 1635; x_wconf 90' lang='lat' dir='ltr'><strong>de</strong></span> <span class='ocrx_word' id='word_1_97' title='bbox 243 1571 492 1657; x_wconf 83' lang='lat' dir='ltr'><strong>epigrammatis</strong></span> <span class='ocrx_word' id='word_1_98' title='bbox 515 1568 612 1657; x_wconf 88' lang='lat' dir='ltr'><strong>(quae</strong></span> <span class='ocrx_word' id='word_1_99' title='bbox 636 1571 677 1636; x_wconf 87' lang='lat' dir='ltr'><strong>ad</strong></span> <span class='ocrx_word' id='word_1_100' title='bbox 701 1575 825 1636; x_wconf 87' lang='lat' dir='ltr'><strong>statuas</strong></span> <span class='ocrx_word' id='word_1_101' title='bbox 850 1565 1012 1656; x_wconf 85' lang='lat' dir='ltr'><strong>spectant)</strong></span> <span class='ocrx_word' id='word_1_102' title='bbox 1037 1589 1095 1633; x_wconf 88' lang='lat' dir='ltr'><strong>nee</strong></span> <span class='ocrx_word' id='word_1_103' title='bbox 1119 1567 1157 1632; x_wconf 87' lang='lat' dir='ltr'><strong>de</strong></span> <span class='ocrx_word' id='word_1_104' title='bbox 1179 1568 1325 1651; x_wconf 88' lang='lat' dir='ltr'><strong>epistolis</strong></span> 
     </span>
     <span class='ocr_line' id='line_1_13' title="bbox 180 1674 1324 1769; baseline -0.003 -27"><span class='ocrx_word' id='word_1_105' title='bbox 180 1677 349 1742; x_wconf 89' lang='lat' dir='ltr'><strong>dubitandi</strong></span> <span class='ocrx_word' id='word_1_106' title='bbox 372 1678 461 1743; x_wconf 87' lang='lat' dir='ltr'><strong>Iocus</strong></span> <span class='ocrx_word' id='word_1_107' title='bbox 485 1678 537 1743; x_wconf 93' lang='lat' dir='ltr'><strong>sit.</strong></span> <span class='ocrx_word' id='word_1_108' title='bbox 572 1676 761 1769; x_wconf 16' lang='lat' dir='ltr'><strong>*Minutiora</strong></span> <span class='ocrx_word' id='word_1_109' title='bbox 784 1678 920 1763; x_wconf 88' lang='lat' dir='ltr'><strong>denique</strong></span> <span class='ocrx_word' id='word_1_110' title='bbox 944 1675 1165 1742; x_wconf 84' lang='lat' dir='ltr'><strong>addItamenta</strong></span> <span class='ocrx_word' id='word_1_111' title='bbox 1189 1674 1324 1740; x_wconf 85' lang='lat' dir='ltr'><strong>adnecto</strong></span> 
     </span>
     <span class='ocr_line' id='line_1_14' title="bbox 178 1772 1326 1868; baseline -0.002 -20"><span class='ocrx_word' id='word_1_112' title='bbox 178 1784 290 1850; x_wconf 90' lang='lat' dir='ltr'><strong>haece:</strong></span> <span class='ocrx_word' id='word_1_113' title='bbox 321 1807 349 1849; x_wconf 85' lang='lat' dir='ltr'><strong>v.</strong></span> <span class='ocrx_word' id='word_1_114' title='bbox 374 1772 599 1868; x_wconf 61' lang='grc' dir='ltr'><strong>’νίρηιγίνηςΔ</strong></span> <span class='ocrx_word' id='word_1_115' title='bbox 626 1785 696 1850; x_wconf 91' lang='lat' dir='ltr'><strong>add.</strong></span> <span class='ocrx_word' id='word_1_116' title='bbox 719 1786 780 1850; x_wconf 88' lang='grc' dir='ltr'><strong>τοῦ</strong></span> <span class='ocrx_word' id='word_1_117' title='bbox 810 1786 942 1867; x_wconf 84' lang='grc' dir='ltr'><strong><em>ίαιροῦ,</em></strong></span> <span class='ocrx_word' id='word_1_118' title='bbox 972 1807 1001 1849; x_wconf 88' lang='lat' dir='ltr'><strong>v.</strong></span> <span class='ocrx_word' id='word_1_119' title='bbox 1023 1777 1326 1866; x_wconf 79' lang='grc' dir='ltr'><strong><em>Ἀνδροκλείδης</em></strong></span> 
     </span>
    </p>
   </div>
   <div class='ocr_carea' id='block_1_7' title="bbox 96 1886 1326 4016">
    <p class='ocr_par' dir='ltr' id='par_1_7' title="bbox 179 1886 1326 2084">
     <span class='ocr_line' id='line_1_15' title="bbox 180 1886 1326 1978; baseline -0.001 -21"><span class='ocrx_word' id='word_1_120' title='bbox 180 1891 251 1958; x_wconf 91' lang='lat' dir='ltr'><strong>add.</strong></span> <span class='ocrx_word' id='word_1_121' title='bbox 270 1890 308 1957; x_wconf 83' lang='grc' dir='ltr'><strong>ἐν</strong></span> <span class='ocrx_word' id='word_1_122' title='bbox 323 1886 570 1978; x_wconf 81' lang='grc' dir='ltr'><strong><em>Ἀλεξανδρείᾳ,</em></strong></span> <span class='ocrx_word' id='word_1_123' title='bbox 594 1893 680 1977; x_wconf 91' lang='lat' dir='ltr'><strong>quod</strong></span> <span class='ocrx_word' id='word_1_124' title='bbox 700 1892 738 1958; x_wconf 92' lang='lat' dir='ltr'><strong>de</strong></span> <span class='ocrx_word' id='word_1_125' title='bbox 763 1915 820 1959; x_wconf 88' lang='lat' dir='ltr'><strong>suo</strong></span> <span class='ocrx_word' id='word_1_126' title='bbox 842 1914 913 1957; x_wconf 92' lang='lat' dir='ltr'><strong>eam</strong></span> <span class='ocrx_word' id='word_1_127' title='bbox 937 1890 1096 1955; x_wconf 86' lang='lat' dir='ltr'><strong>addidisse</strong></span> <span class='ocrx_word' id='word_1_128' title='bbox 1118 1911 1184 1954; x_wconf 91' lang='lat' dir='ltr'><strong>non</strong></span> <span class='ocrx_word' id='word_1_129' title='bbox 1208 1888 1326 1973; x_wconf 91' lang='lat' dir='ltr'><strong>probat</strong></span> 
     </span>
     <span class='ocr_line' id='line_1_16' title="bbox 179 1994 1076 2084; baseline -0.002 -21"><span class='ocrx_word' id='word_1_130' title='bbox 179 1998 281 2065; x_wconf 89' lang='lat' dir='ltr'><strong>Pulch</strong></span> <span class='ocrx_word' id='word_1_131' title='bbox 304 2022 335 2084; x_wconf 93' lang='lat' dir='ltr'><strong>p.</strong></span> <span class='ocrx_word' id='word_1_132' title='bbox 351 1999 402 2082; x_wconf 81' lang='lat'><strong>82,</strong></span> <span class='ocrx_word' id='word_1_133' title='bbox 425 2020 453 2062; x_wconf 88' lang='lat' dir='ltr'><strong>v.</strong></span> <span class='ocrx_word' id='word_1_134' title='bbox 474 1996 672 2076; x_wconf 82' lang='grc' dir='ltr'><strong><em>Συνίσιος</em></strong></span> <span class='ocrx_word' id='word_1_135' title='bbox 695 2000 766 2065; x_wconf 84' lang='lat' dir='ltr'><strong>cdd.</strong></span> <span class='ocrx_word' id='word_1_136' title='bbox 789 1997 873 2083; x_wconf 79' lang='grc' dir='ltr'><strong><em>πρὸς</em></strong></span> <span class='ocrx_word' id='word_1_137' title='bbox 892 1994 1076 2081; x_wconf 75' lang='grc' dir='ltr'><strong><em>Ἀρκάδων.</em></strong></span> 
     </span>
    </p>

    <p class='ocr_par' dir='ltr' id='par_1_8' title="bbox 179 2103 1326 3369">
     <span class='ocr_line' id='line_1_17' title="bbox 267 2103 1322 2189; baseline 0 -20"><span class='ocrx_word' id='word_1_138' title='bbox 267 2104 357 2180; x_wconf 83' lang='lat' dir='ltr'><strong>Quae</strong></span> <span class='ocrx_word' id='word_1_139' title='bbox 376 2105 485 2170; x_wconf 88' lang='lat' dir='ltr'><strong>omnia</strong></span> <span class='ocrx_word' id='word_1_140' title='bbox 504 2106 530 2171; x_wconf 88' lang='lat' dir='ltr'><strong>si</strong></span> <span class='ocrx_word' id='word_1_141' title='bbox 549 2128 587 2170; x_wconf 85' lang='lat' dir='ltr'><strong>ex</strong></span> <span class='ocrx_word' id='word_1_142' title='bbox 606 2128 665 2172; x_wconf 88' lang='lat' dir='ltr'><strong>suo</strong></span> <span class='ocrx_word' id='word_1_143' title='bbox 684 2105 807 2172; x_wconf 83' lang='lat' dir='ltr'><strong>addidit</strong></span> <span class='ocrx_word' id='word_1_144' title='bbox 825 2106 980 2189; x_wconf 82' lang='lat' dir='ltr'><strong>Eudooia,</strong></span> <span class='ocrx_word' id='word_1_145' title='bbox 1004 2125 1082 2170; x_wconf 89' lang='lat' dir='ltr'><strong>saue</strong></span> <span class='ocrx_word' id='word_1_146' title='bbox 1101 2103 1322 2169; x_wconf 82' lang='lat' dir='ltr'><strong>doctissimam</strong></span> 
     </span>
     <span class='ocr_line' id='line_1_18' title="bbox 180 2209 1324 2298; baseline -0.003 -20"><span class='ocrx_word' id='word_1_147' title='bbox 180 2213 347 2278; x_wconf 89' lang='lat' dir='ltr'><strong>mulierem</strong></span> <span class='ocrx_word' id='word_1_148' title='bbox 376 2213 474 2278; x_wconf 87' lang='lat' dir='ltr'><strong>fuisse</strong></span> <span class='ocrx_word' id='word_1_149' title='bbox 502 2216 606 2297; x_wconf 88' lang='lat' dir='ltr'><strong>patet,</strong></span> <span class='ocrx_word' id='word_1_150' title='bbox 639 2235 736 2298; x_wconf 90' lang='lat' dir='ltr'><strong>quam</strong></span> <span class='ocrx_word' id='word_1_151' title='bbox 759 2235 844 2278; x_wconf 73' lang='lat' dir='ltr'><strong>niano</strong></span> <span class='ocrx_word' id='word_1_152' title='bbox 873 2209 1016 2277; x_wconf 84' lang='lat' dir='ltr'><strong>‘olidam&#39;</strong></span> <span class='ocrx_word' id='word_1_153' title='bbox 1044 2210 1154 2276; x_wconf 90' lang='lat' dir='ltr'><strong>dicunt</strong></span> <span class='ocrx_word' id='word_1_154' title='bbox 1182 2209 1324 2298; x_wconf 76' lang='lat' dir='ltr'><strong>critici.²)</strong></span> 
     </span>
     <span class='ocr_line' id='line_1_19' title="bbox 181 2313 1325 2403; baseline -0.001 -20"><span class='ocrx_word' id='word_1_155' title='bbox 181 2317 241 2384; x_wconf 82' lang='lat' dir='ltr'><strong>Sed</strong></span> <span class='ocrx_word' id='word_1_156' title='bbox 266 2321 375 2385; x_wconf 88' lang='lat' dir='ltr'><strong>nescio</strong></span> <span class='ocrx_word' id='word_1_157' title='bbox 400 2342 441 2384; x_wconf 90' lang='lat' dir='ltr'><strong>an</strong></span> <span class='ocrx_word' id='word_1_158' title='bbox 466 2320 688 2385; x_wconf 87' lang='lat' dir='ltr'><strong>testimonium</strong></span> <span class='ocrx_word' id='word_1_159' title='bbox 708 2320 999 2386; x_wconf 87' lang='lat' dir='ltr'><strong>luculentissimum</strong></span> <span class='ocrx_word' id='word_1_160' title='bbox 1019 2322 1108 2384; x_wconf 88' lang='lat' dir='ltr'><strong>extet</strong></span> <span class='ocrx_word' id='word_1_161' title='bbox 1131 2341 1159 2385; x_wconf 89' lang='lat' dir='ltr'><strong>v.</strong></span> <span class='ocrx_word' id='word_1_162' title='bbox 1175 2313 1325 2403; x_wconf 87' lang='grc' dir='ltr'><strong><em>Ἀρρια-</em></strong></span> 
     </span>
     <span class='ocr_line' id='line_1_20' title="bbox 183 2423 1324 2516; baseline 0 -25"><span class='ocrx_word' id='word_1_163' title='bbox 183 2423 264 2505; x_wconf 83' lang='grc' dir='ltr'><strong>νός,</strong></span> <span class='ocrx_word' id='word_1_164' title='bbox 289 2427 345 2492; x_wconf 91' lang='lat' dir='ltr'><strong>ubi</strong></span> <span class='ocrx_word' id='word_1_165' title='bbox 363 2427 397 2491; x_wconf 89' lang='lat' dir='ltr'><strong>in</strong></span> <span class='ocrx_word' id='word_1_166' title='bbox 417 2427 463 2493; x_wconf 80' lang='lat' dir='ltr'><strong>ed.</strong></span> <span class='ocrx_word' id='word_1_167' title='bbox 485 2425 519 2491; x_wconf 89' lang='lat' dir='ltr'><strong>Ill</strong></span> <span class='ocrx_word' id='word_1_168' title='bbox 542 2430 575 2491; x_wconf 86' lang='lat' dir='ltr'><strong>et</strong></span> <span class='ocrx_word' id='word_1_169' title='bbox 594 2426 667 2492; x_wconf 88' lang='lat' dir='ltr'><strong>Ald.</strong></span> <span class='ocrx_word' id='word_1_170' title='bbox 685 2432 762 2512; x_wconf 83' lang='lat' dir='ltr'><strong>post</strong></span> <span class='ocrx_word' id='word_1_171' title='bbox 784 2427 938 2516; x_wconf 77' lang='grc' dir='ltr'><strong><em>ῥαψῳδία</em></strong></span> <span class='ocrx_word' id='word_1_172' title='bbox 962 2427 1079 2493; x_wconf 87' lang='lat' dir='ltr'><strong>lacuna</strong></span> <span class='ocrx_word' id='word_1_173' title='bbox 1102 2449 1121 2490; x_wconf 88' lang='lat' dir='ltr'><strong>a</strong></span> <span class='ocrx_word' id='word_1_174' title='bbox 1144 2426 1324 2511; x_wconf 84' lang='lat' dir='ltr'><strong>typothetis</strong></span> 
     </span>
     <span class='ocr_line' id='line_1_21' title="bbox 181 2531 1326 2621; baseline -0.001 -23"><span class='ocrx_word' id='word_1_175' title='bbox 181 2533 312 2620; x_wconf 85' lang='lat' dir='ltr'><strong>signata</strong></span> <span class='ocrx_word' id='word_1_176' title='bbox 331 2538 381 2599; x_wconf 88' lang='lat' dir='ltr'><strong>est</strong></span> <span class='ocrx_word' id='word_1_177' title='bbox 400 2531 578 2618; x_wconf 84' lang='lat' dir='ltr'><strong>(debebant</strong></span> <span class='ocrx_word' id='word_1_178' title='bbox 593 2534 700 2618; x_wconf 87' lang='lat' dir='ltr'><strong>potius</strong></span> <span class='ocrx_word' id='word_1_179' title='bbox 720 2540 796 2619; x_wconf 90' lang='lat' dir='ltr'><strong>post</strong></span> <span class='ocrx_word' id='word_1_180' title='bbox 809 2532 895 2621; x_wconf 87' lang='grc' dir='ltr'><strong>κδ’),</strong></span> <span class='ocrx_word' id='word_1_181' title='bbox 914 2557 986 2600; x_wconf 87' lang='lat' dir='ltr'><strong>eum</strong></span> <span class='ocrx_word' id='word_1_182' title='bbox 1001 2534 1082 2599; x_wconf 86' lang='lat' dir='ltr'><strong>Eud.</strong></span> <span class='ocrx_word' id='word_1_183' title='bbox 1096 2533 1253 2618; x_wconf 87' lang='lat' dir='ltr'><strong>praebeat</strong></span> <span class='ocrx_word' id='word_1_184' title='bbox 1270 2531 1326 2598; x_wconf 81' lang='grc' dir='ltr'><strong>καὶ</strong></span> 
     </span>
     <span class='ocr_line' id='line_1_22' title="bbox 179 2636 1325 2726; baseline 0.001 -22"><span class='ocrx_word' id='word_1_185' title='bbox 179 2637 264 2724; x_wconf 78' lang='grc' dir='ltr'><strong><em>-ἦλλα</em></strong></span> <span class='ocrx_word' id='word_1_186' title='bbox 282 2639 399 2724; x_wconf 81' lang='grc' dir='ltr'><strong><em>πολλά,</em></strong></span> <span class='ocrx_word' id='word_1_187' title='bbox 419 2664 501 2726; x_wconf 84' lang='lat' dir='ltr'><strong>quae</strong></span> <span class='ocrx_word' id='word_1_188' title='bbox 518 2642 615 2706; x_wconf 88' lang='lat' dir='ltr'><strong>verba</strong></span> <span class='ocrx_word' id='word_1_189' title='bbox 629 2645 704 2706; x_wconf 88' lang='lat' dir='ltr'><strong>ante</strong></span> <span class='ocrx_word' id='word_1_190' title='bbox 719 2636 932 2718; x_wconf 77' lang='grc' dir='ltr'><strong><em>εἰς”Ατταλον</em></strong></span> <span class='ocrx_word' id='word_1_191' title='bbox 948 2641 1126 2726; x_wconf 90' lang='lat' dir='ltr'><strong>supplenda</strong></span> <span class='ocrx_word' id='word_1_192' title='bbox 1140 2663 1209 2706; x_wconf 90' lang='lat' dir='ltr'><strong>esse</strong></span> <span class='ocrx_word' id='word_1_193' title='bbox 1224 2641 1325 2707; x_wconf 86' lang='lat' dir='ltr'><strong>mani-</strong></span> 
     </span>
     <span class='ocr_line' id='line_1_23' title="bbox 179 2743 1325 2834; baseline 0 -22"><span class='ocrx_word' id='word_1_194' title='bbox 179 2749 299 2813; x_wconf 84' lang='lat' dir='ltr'><strong>festum</strong></span> <span class='ocrx_word' id='word_1_195' title='bbox 323 2752 381 2815; x_wconf 83' lang='lat' dir='ltr'><strong>est</strong></span> <span class='ocrx_word' id='word_1_196' title='bbox 422 2747 490 2814; x_wconf 90' lang='lat' dir='ltr'><strong>Nec</strong></span> <span class='ocrx_word' id='word_1_197' title='bbox 514 2749 620 2813; x_wconf 90' lang='lat' dir='ltr'><strong>minus</strong></span> <span class='ocrx_word' id='word_1_198' title='bbox 644 2753 769 2814; x_wconf 85' lang='lat' dir='ltr'><strong>certum</strong></span> <span class='ocrx_word' id='word_1_199' title='bbox 792 2753 929 2834; x_wconf 91' lang='lat' dir='ltr'><strong>apparet</strong></span> <span class='ocrx_word' id='word_1_200' title='bbox 946 2772 975 2815; x_wconf 83' lang='lat' dir='ltr'><strong>v.</strong></span> <span class='ocrx_word' id='word_1_201' title='bbox 991 2743 1200 2825; x_wconf 82' lang='grc' dir='ltr'><strong><em>Ἀσιιοίσιος</em></strong></span> <span class='ocrx_word' id='word_1_202' title='bbox 1219 2754 1325 2834; x_wconf 75' lang='grc' dir='ltr'><strong>Δημ,</strong></span> 
     </span>
     <span class='ocr_line' id='line_1_24' title="bbox 183 2852 1324 2942; baseline 0.002 -22"><span class='ocrx_word' id='word_1_203' title='bbox 183 2855 238 2920; x_wconf 92' lang='lat' dir='ltr'><strong>ubi</strong></span> <span class='ocrx_word' id='word_1_204' title='bbox 251 2855 401 2939; x_wconf 88' lang='grc' dir='ltr'><strong><em>κριτικοῦ</em></strong></span> <span class='ocrx_word' id='word_1_205' title='bbox 415 2852 470 2920; x_wconf 83' lang='grc' dir='ltr'><strong>καὶ</strong></span> <span class='ocrx_word' id='word_1_206' title='bbox 484 2858 721 2940; x_wconf 82' lang='grc' dir='ltr'><strong><em>μαθηματικοῦ</em></strong></span> <span class='ocrx_word' id='word_1_207' title='bbox 734 2879 810 2941; x_wconf 90' lang='lat' dir='ltr'><strong>pars</strong></span> <span class='ocrx_word' id='word_1_208' title='bbox 826 2855 982 2921; x_wconf 89' lang='lat' dir='ltr'><strong>librorum</strong></span> <span class='ocrx_word' id='word_1_209' title='bbox 997 2860 1152 2941; x_wconf 87' lang='lat' dir='ltr'><strong>praestat,</strong></span> <span class='ocrx_word' id='word_1_210' title='bbox 1166 2858 1324 2942; x_wconf 87' lang='grc' dir='ltr'><strong><em>κριτικοῦ,</em></strong></span> 
     </span>
     <span class='ocr_line' id='line_1_25' title="bbox 179 2959 1321 3048; baseline 0.003 -21"><span class='ocrx_word' id='word_1_211' title='bbox 179 2965 414 3047; x_wconf 78' lang='grc' dir='ltr'><strong><em>μαθηματικοῦ</em></strong></span> <span class='ocrx_word' id='word_1_212' title='bbox 432 2962 533 3028; x_wconf 86' lang='lat' dir='ltr'><strong>BEM</strong></span> <span class='ocrx_word' id='word_1_213' title='bbox 548 2964 619 3028; x_wconf 86' lang='lat' dir='ltr'><strong>Ald.</strong></span> <span class='ocrx_word' id='word_1_214' title='bbox 634 2962 724 3048; x_wconf 83' lang='lat' dir='ltr'><strong>Eud,</strong></span> <span class='ocrx_word' id='word_1_215' title='bbox 744 2987 793 3044; x_wconf 88' lang='grc' dir='ltr'><strong>κρ.</strong></span> <span class='ocrx_word' id='word_1_216' title='bbox 812 2961 867 3028; x_wconf 86' lang='grc' dir='ltr'><strong>καὶ</strong></span> <span class='ocrx_word' id='word_1_217' title='bbox 886 2959 1050 3047; x_wconf 78' lang='grc' dir='ltr'><strong>μαθητής,</strong></span> <span class='ocrx_word' id='word_1_218' title='bbox 1069 2962 1154 3047; x_wconf 94' lang='lat' dir='ltr'><strong>quod</strong></span> <span class='ocrx_word' id='word_1_219' title='bbox 1174 2963 1321 3048; x_wconf 90' lang='lat' dir='ltr'><strong>equidem</strong></span> 
     </span>
     <span class='ocr_line' id='line_1_26' title="bbox 180 3067 1324 3156; baseline 0.003 -23"><span class='ocrx_word' id='word_1_220' title='bbox 180 3069 264 3155; x_wconf 90' lang='lat' dir='ltr'><strong>lego,</strong></span> <span class='ocrx_word' id='word_1_221' title='bbox 283 3069 310 3133; x_wconf 87' lang='lat' dir='ltr'>A</span> <span class='ocrx_word' id='word_1_222' title='bbox 332 3070 429 3155; x_wconf 90' lang='lat' dir='ltr'><strong>(unde</strong></span> <span class='ocrx_word' id='word_1_223' title='bbox 447 3068 502 3135; x_wconf 80' lang='grc' dir='ltr'><strong>καὶ</strong></span> <span class='ocrx_word' id='word_1_224' title='bbox 522 3071 599 3136; x_wconf 92' lang='lat' dir='ltr'><strong>olim</strong></span> <span class='ocrx_word' id='word_1_225' title='bbox 618 3070 717 3135; x_wconf 70' lang='lat' dir='ltr'><strong>finisse</strong></span> <span class='ocrx_word' id='word_1_226' title='bbox 736 3067 865 3156; x_wconf 87' lang='lat' dir='ltr'><strong>elucet),</strong></span> <span class='ocrx_word' id='word_1_227' title='bbox 880 3071 934 3135; x_wconf 92' lang='lat' dir='ltr'><strong>sed</strong></span> <span class='ocrx_word' id='word_1_228' title='bbox 954 3091 1035 3155; x_wconf 89' lang='lat' dir='ltr'><strong>quae</strong></span> <span class='ocrx_word' id='word_1_229' title='bbox 1051 3070 1136 3134; x_wconf 84' lang='lat' dir='ltr'><strong>infra</strong></span> <span class='ocrx_word' id='word_1_230' title='bbox 1155 3070 1228 3136; x_wconf 87' lang='lat' dir='ltr'><strong>add.</strong></span> <span class='ocrx_word' id='word_1_231' title='bbox 1242 3071 1324 3137; x_wconf 87' lang='lat' dir='ltr'><strong>Eud.</strong></span> 
     </span>
     <span class='ocr_line' id='line_1_27' title="bbox 180 3173 1323 3264; baseline 0 -22"><span class='ocrx_word' id='word_1_232' title='bbox 180 3176 253 3254; x_wconf 80' lang='grc' dir='ltr'><strong><em>υίὸς</em></strong></span> <span class='ocrx_word' id='word_1_233' title='bbox 275 3175 331 3242; x_wconf 83' lang='grc' dir='ltr'><strong>καὶ</strong></span> <span class='ocrx_word' id='word_1_234' title='bbox 353 3173 506 3262; x_wconf 73' lang='grc' dir='ltr'><strong><em>μαθητής</em></strong></span> <span class='ocrx_word' id='word_1_235' title='bbox 530 3182 562 3241; x_wconf 92' lang='lat' dir='ltr'><strong>et</strong></span> <span class='ocrx_word' id='word_1_236' title='bbox 581 3199 657 3242; x_wconf 88' lang='lat' dir='ltr'><strong>vera</strong></span> <span class='ocrx_word' id='word_1_237' title='bbox 676 3199 745 3242; x_wconf 90' lang='lat' dir='ltr'><strong>esse</strong></span> <span class='ocrx_word' id='word_1_238' title='bbox 764 3177 922 3261; x_wconf 90' lang='lat' dir='ltr'><strong>probatur</strong></span> <span class='ocrx_word' id='word_1_239' title='bbox 940 3177 1129 3243; x_wconf 89' lang='lat' dir='ltr'><strong>Philostrat.</strong></span> <span class='ocrx_word' id='word_1_240' title='bbox 1143 3176 1210 3244; x_wconf 84' lang='lat' dir='ltr'><strong>VIt.</strong></span> <span class='ocrx_word' id='word_1_241' title='bbox 1225 3178 1266 3264; x_wconf 89' lang='grc' dir='ltr'><strong>ΙΙ,</strong></span> <span class='ocrx_word' id='word_1_242' title='bbox 1280 3180 1323 3244; x_wconf 84' lang='lat'><strong>33</strong></span> 
     </span>
     <span class='ocr_line' id='line_1_28' title="bbox 180 3283 1123 3369; baseline -0.002 -19"><span class='ocrx_word' id='word_1_243' title='bbox 180 3290 214 3350; x_wconf 86' lang='lat' dir='ltr'><strong>et</strong></span> <span class='ocrx_word' id='word_1_244' title='bbox 235 3308 294 3369; x_wconf 94' lang='lat' dir='ltr'><strong>pro</strong></span> <span class='ocrx_word' id='word_1_245' title='bbox 317 3283 373 3350; x_wconf 87' lang='grc' dir='ltr'><strong>καὶ</strong></span> <span class='ocrx_word' id='word_1_246' title='bbox 396 3285 630 3368; x_wconf 78' lang='grc' dir='ltr'><strong><em>μαθηματικοῦ</em></strong></span> <span class='ocrx_word' id='word_1_247' title='bbox 652 3283 854 3349; x_wconf 89' lang='lat' dir='ltr'><strong>restituenda</strong></span> <span class='ocrx_word' id='word_1_248' title='bbox 877 3306 946 3350; x_wconf 88' lang='lat' dir='ltr'><strong>esse</strong></span> <span class='ocrx_word' id='word_1_249' title='bbox 971 3285 1123 3369; x_wconf 85' lang='lat' dir='ltr'><strong>suspicor.</strong></span> 
     </span>
    </p>

    <p class='ocr_par' dir='ltr' id='par_1_9' title="bbox 96 3390 1325 4016">
     <span class='ocr_line' id='line_1_29' title="bbox 268 3390 1324 3476; baseline 0.002 -19"><span class='ocrx_word' id='word_1_250' title='bbox 268 3391 315 3456; x_wconf 85' lang='lat' dir='ltr'><strong>At</strong></span> <span class='ocrx_word' id='word_1_251' title='bbox 336 3392 365 3456; x_wconf 90' lang='lat' dir='ltr'><strong>si</strong></span> <span class='ocrx_word' id='word_1_252' title='bbox 388 3391 527 3455; x_wconf 84' lang='lat' dir='ltr'><strong>fortasse</strong></span> <span class='ocrx_word' id='word_1_253' title='bbox 550 3390 630 3456; x_wconf 88' lang='lat' dir='ltr'><strong>haec</strong></span> <span class='ocrx_word' id='word_1_254' title='bbox 655 3391 765 3456; x_wconf 91' lang='lat' dir='ltr'><strong>omnia</strong></span> <span class='ocrx_word' id='word_1_255' title='bbox 791 3391 825 3454; x_wconf 90' lang='lat' dir='ltr'><strong>in</strong></span> <span class='ocrx_word' id='word_1_256' title='bbox 848 3390 1079 3476; x_wconf 85' lang='lat' dir='ltr'><strong>integrioribus</strong></span> <span class='ocrx_word' id='word_1_257' title='bbox 1103 3392 1182 3456; x_wconf 93' lang='lat' dir='ltr'><strong>olim</strong></span> <span class='ocrx_word' id='word_1_258' title='bbox 1206 3390 1324 3459; x_wconf 83' lang='lat' dir='ltr'><strong>Suidae</strong></span> 
     </span>
     <span class='ocr_line' id='line_1_30' title="bbox 180 3496 1325 3589; baseline 0.003 -28"><span class='ocrx_word' id='word_1_259' title='bbox 180 3498 272 3562; x_wconf 92' lang='lat' dir='ltr'><strong>libris</strong></span> <span class='ocrx_word' id='word_1_260' title='bbox 297 3499 505 3582; x_wconf 81' lang='lat' dir='ltr'><strong>exstilerunt,</strong></span> <span class='ocrx_word' id='word_1_261' title='bbox 529 3498 614 3584; x_wconf 90' lang='lat' dir='ltr'><strong>quod</strong></span> <span class='ocrx_word' id='word_1_262' title='bbox 636 3498 849 3582; x_wconf 86' lang='lat' dir='ltr'><strong>Bernhardyo</strong></span> <span class='ocrx_word' id='word_1_263' title='bbox 868 3498 983 3583; x_wconf 88' lang='lat' dir='ltr'><strong>(praef.</strong></span> <span class='ocrx_word' id='word_1_264' title='bbox 1002 3496 1089 3564; x_wconf 84' lang='lat' dir='ltr'><strong>Suid.</strong></span> <span class='ocrx_word' id='word_1_265' title='bbox 1107 3522 1138 3584; x_wconf 89' lang='lat' dir='ltr'><strong>p.</strong></span> <span class='ocrx_word' id='word_1_266' title='bbox 1158 3498 1325 3589; x_wconf 81' lang='lat' dir='ltr'>XXXIII),</span> 
     </span>
     <span class='ocr_line' id='line_1_31' title="bbox 96 3603 1324 3692; baseline 0.004 -23"><span class='ocrx_word' id='word_1_267' title='bbox 96 3628 99 3633; x_wconf 50' lang='lat'><strong><em>¹</em></strong></span> <span class='ocrx_word' id='word_1_268' title='bbox 180 3604 339 3671; x_wconf 85' lang='lat' dir='ltr'><strong>Meinekio</strong></span> <span class='ocrx_word' id='word_1_269' title='bbox 368 3605 422 3691; x_wconf 82' lang='lat' dir='ltr'><strong>(fr.</strong></span> <span class='ocrx_word' id='word_1_270' title='bbox 450 3628 530 3671; x_wconf 90' lang='lat' dir='ltr'><strong>com.</strong></span> <span class='ocrx_word' id='word_1_271' title='bbox 553 3605 570 3670; x_wconf 94' lang='lat' dir='ltr'>I</span> <span class='ocrx_word' id='word_1_272' title='bbox 594 3628 623 3690; x_wconf 90' lang='lat' dir='ltr'><strong>p.</strong></span> <span class='ocrx_word' id='word_1_273' title='bbox 646 3606 690 3670; x_wconf 83' lang='lat'><strong>35</strong></span> <span class='ocrx_word' id='word_1_274' title='bbox 713 3604 784 3692; x_wconf 88' lang='lat' dir='ltr'><strong>al),</strong></span> <span class='ocrx_word' id='word_1_275' title='bbox 811 3603 938 3671; x_wconf 79' lang='lat' dir='ltr'><strong>Ilaubio</strong></span> <span class='ocrx_word' id='word_1_276' title='bbox 966 3606 1000 3670; x_wconf 87' lang='lat' dir='ltr'><strong>iu</strong></span> <span class='ocrx_word' id='word_1_277' title='bbox 1028 3605 1256 3672; x_wconf 86' lang='lat' dir='ltr'><strong>dissertatione</strong></span> <span class='ocrx_word' id='word_1_278' title='bbox 1285 3609 1324 3674; x_wconf 91' lang='lat' dir='ltr'><strong>de</strong></span> 
     </span>
     <span class='ocr_line' id='line_1_32' title="bbox 180 3711 1324 3802; baseline 0.006 -27"><span class='ocrx_word' id='word_1_279' title='bbox 180 3711 336 3796; x_wconf 86' lang='lat' dir='ltr'><strong>Violario,</strong></span> <span class='ocrx_word' id='word_1_280' title='bbox 348 3734 519 3797; x_wconf 85' lang='lat' dir='ltr'><strong>parumper</strong></span> <span class='ocrx_word' id='word_1_281' title='bbox 535 3712 586 3776; x_wconf 84' lang='lat' dir='ltr'><strong>vel</strong></span> <span class='ocrx_word' id='word_1_282' title='bbox 597 3711 860 3797; x_wconf 86' lang='lat' dir='ltr'><strong>Wilamowitzio,</strong></span> <span class='ocrx_word' id='word_1_283' title='bbox 875 3713 1026 3779; x_wconf 88' lang='lat' dir='ltr'><strong>videlicet</strong></span> <span class='ocrx_word' id='word_1_284' title='bbox 1040 3736 1124 3779; x_wconf 89' lang='lat' dir='ltr'><strong>auno</strong></span> <span class='ocrx_word' id='word_1_285' title='bbox 1135 3716 1324 3802; x_wconf 87' lang='lat' dir='ltr'><strong>praeterito,</strong></span> 
     </span>
     <span class='ocr_line' id='line_1_33' title="bbox 181 3818 1323 3904; baseline 0.005 -21"><span class='ocrx_word' id='word_1_286' title='bbox 181 3818 285 3884; x_wconf 85' lang='lat' dir='ltr'><strong>visum</strong></span> <span class='ocrx_word' id='word_1_287' title='bbox 309 3825 372 3904; x_wconf 87' lang='lat' dir='ltr'><strong>est,</strong></span> <span class='ocrx_word' id='word_1_288' title='bbox 395 3841 568 3903; x_wconf 89' lang='lat' dir='ltr'><strong>quamnam</strong></span> <span class='ocrx_word' id='word_1_289' title='bbox 591 3842 651 3886; x_wconf 91' lang='lat' dir='ltr'><strong>nos</strong></span> <span class='ocrx_word' id='word_1_290' title='bbox 676 3825 855 3886; x_wconf 85' lang='lat' dir='ltr'><strong>statuemus</strong></span> <span class='ocrx_word' id='word_1_291' title='bbox 878 3821 1023 3887; x_wconf 87' lang='lat' dir='ltr'><strong>codicum</strong></span> <span class='ocrx_word' id='word_1_292' title='bbox 1043 3821 1183 3887; x_wconf 91' lang='lat' dir='ltr'><strong>indolem</strong></span> <span class='ocrx_word' id='word_1_293' title='bbox 1208 3846 1245 3888; x_wconf 89' lang='lat' dir='ltr'><strong>ac</strong></span> <span class='ocrx_word' id='word_1_294' title='bbox 1269 3847 1323 3889; x_wconf 89' lang='lat' dir='ltr'><strong>na-</strong></span> 
     </span>
     <span class='ocr_line' id='line_1_34' title="bbox 179 3924 1324 4016; baseline 0.003 -23"><span class='ocrx_word' id='word_1_295' title='bbox 179 3926 308 3993; x_wconf 81' lang='lat' dir='ltr'><strong>turam?</strong></span> <span class='ocrx_word' id='word_1_296' title='bbox 335 3924 461 4010; x_wconf 89' lang='lat' dir='ltr'><strong>Nempe</strong></span> <span class='ocrx_word' id='word_1_297' title='bbox 480 3948 552 3991; x_wconf 92' lang='lat' dir='ltr'><strong>cum</strong></span> <span class='ocrx_word' id='word_1_298' title='bbox 572 3927 699 4011; x_wconf 89' lang='lat' dir='ltr'><strong>saepius</strong></span> <span class='ocrx_word' id='word_1_299' title='bbox 718 3928 881 4013; x_wconf 88' lang='lat' dir='ltr'><strong>conspiret</strong></span> <span class='ocrx_word' id='word_1_300' title='bbox 899 3928 1052 4015; x_wconf 82' lang='lat' dir='ltr'><strong>Eudocia,</strong></span> <span class='ocrx_word' id='word_1_301' title='bbox 1076 3933 1112 3994; x_wconf 93' lang='lat' dir='ltr'><strong>ut</strong></span> <span class='ocrx_word' id='word_1_302' title='bbox 1131 3930 1324 4016; x_wconf 84' lang='lat' dir='ltr'><strong>supradixi,</strong></span> 
     </span>
    </p>
   </div>
   <div class='ocr_carea' id='block_1_8' title="bbox 180 4174 1324 4567">
    <p class='ocr_par' dir='ltr' id='par_1_10' title="bbox 180 4174 1324 4406">
     <span class='ocr_line' id='line_1_35' title="bbox 253 4174 1323 4246; baseline 0.006 -19"><span class='ocrx_word' id='word_1_303' title='bbox 253 4175 279 4243; x_wconf 88' lang='lat'><strong>1)</strong></span> <span class='ocrx_word' id='word_1_304' title='bbox 299 4174 393 4230; x_wconf 85' lang='lat' dir='ltr'><strong>Habet</strong></span> <span class='ocrx_word' id='word_1_305' title='bbox 411 4174 496 4230; x_wconf 84' lang='lat' dir='ltr'><strong>etiam</strong></span> <span class='ocrx_word' id='word_1_306' title='bbox 515 4175 600 4230; x_wconf 84' lang='lat' dir='ltr'><strong>schol.</strong></span> <span class='ocrx_word' id='word_1_307' title='bbox 619 4176 666 4230; x_wconf 79' lang='lat' dir='ltr'><strong>Ar.</strong></span> <span class='ocrx_word' id='word_1_308' title='bbox 687 4176 769 4246; x_wconf 91' lang='lat' dir='ltr'><strong>Vesp.</strong></span> <span class='ocrx_word' id='word_1_309' title='bbox 792 4182 872 4244; x_wconf 74' lang='lat'><strong>1402,</strong></span> <span class='ocrx_word' id='word_1_310' title='bbox 896 4175 972 4243; x_wconf 90' lang='lat' dir='ltr'><strong>quod</strong></span> <span class='ocrx_word' id='word_1_311' title='bbox 991 4192 1025 4231; x_wconf 83' lang='lat' dir='ltr'><strong>cx</strong></span> <span class='ocrx_word' id='word_1_312' title='bbox 1042 4175 1129 4231; x_wconf 85' lang='lat' dir='ltr'><strong>Suida</strong></span> <span class='ocrx_word' id='word_1_313' title='bbox 1147 4178 1245 4233; x_wconf 86' lang='lat' dir='ltr'><strong>intulit</strong></span> <span class='ocrx_word' id='word_1_314' title='bbox 1261 4179 1323 4233; x_wconf 87' lang='lat' dir='ltr'><strong>Mu·</strong></span> 
     </span>
     <span class='ocr_line' id='line_1_36' title="bbox 180 4254 1324 4327; baseline 0.005 -20"><span class='ocrx_word' id='word_1_315' title='bbox 180 4271 267 4310; x_wconf 86' lang='lat' dir='ltr'><strong>surus.</strong></span> <span class='ocrx_word' id='word_1_316' title='bbox 288 4254 343 4310; x_wconf 85' lang='lat' dir='ltr'><strong>Sed</strong></span> <span class='ocrx_word' id='word_1_317' title='bbox 357 4273 421 4309; x_wconf 90' lang='lat' dir='ltr'><strong>cum</strong></span> <span class='ocrx_word' id='word_1_318' title='bbox 435 4254 563 4311; x_wconf 87' lang='lat' dir='ltr'><strong>omnibus</strong></span> <span class='ocrx_word' id='word_1_319' title='bbox 578 4256 680 4312; x_wconf 84' lang='lat' dir='ltr'><strong>Suidae</strong></span> <span class='ocrx_word' id='word_1_320' title='bbox 695 4255 774 4311; x_wconf 86' lang='lat' dir='ltr'><strong>libris</strong></span> <span class='ocrx_word' id='word_1_321' title='bbox 793 4256 979 4324; x_wconf 87' lang='lat' dir='ltr'><strong>desideretur,</strong></span> <span class='ocrx_word' id='word_1_322' title='bbox 996 4273 1086 4312; x_wconf 86' lang='lat' dir='ltr'><strong>nonne</strong></span> <span class='ocrx_word' id='word_1_323' title='bbox 1101 4256 1194 4327; x_wconf 86' lang='lat' dir='ltr'><strong>potius</strong></span> <span class='ocrx_word' id='word_1_324' title='bbox 1209 4275 1241 4312; x_wconf 84' lang='lat' dir='ltr'><strong>ex</strong></span> <span class='ocrx_word' id='word_1_325' title='bbox 1257 4259 1324 4315; x_wconf 93' lang='lat' dir='ltr'><strong>Vio-</strong></span> 
     </span>
     <span class='ocr_line' id='line_1_37' title="bbox 181 4333 691 4406; baseline 0.012 -20"><span class='ocrx_word' id='word_1_326' title='bbox 181 4333 252 4389; x_wconf 86' lang='lat' dir='ltr'><strong>lario</strong></span> <span class='ocrx_word' id='word_1_327' title='bbox 270 4333 300 4388; x_wconf 93' lang='lat' dir='ltr'><strong>id</strong></span> <span class='ocrx_word' id='word_1_328' title='bbox 319 4333 493 4405; x_wconf 84' lang='lat' dir='ltr'><strong>immigrasse</strong></span> <span class='ocrx_word' id='word_1_329' title='bbox 511 4337 691 4406; x_wconf 76' lang='lat' dir='ltr'><strong>putabimus?</strong></span> 
     </span>
    </p>

    <p class='ocr_par' dir='ltr' id='par_1_11' title="bbox 181 4413 1321 4567">
     <span class='ocr_line' id='line_1_38' title="bbox 252 4413 1321 4489; baseline 0.008 -23"><span class='ocrx_word' id='word_1_330' title='bbox 252 4417 279 4479; x_wconf 74' lang='lat'><strong>2)</strong></span> <span class='ocrx_word' id='word_1_331' title='bbox 304 4414 343 4469; x_wconf 84' lang='lat' dir='ltr'><strong>Cf.</strong></span> <span class='ocrx_word' id='word_1_332' title='bbox 364 4413 565 4481; x_wconf 84' lang='lat' dir='ltr'><strong>Wilamowitz‚</strong></span> <span class='ocrx_word' id='word_1_333' title='bbox 584 4418 659 4486; x_wconf 85' lang='lat' dir='ltr'><strong>apud</strong></span> <span class='ocrx_word' id='word_1_334' title='bbox 678 4417 777 4472; x_wconf 88' lang='lat' dir='ltr'><strong>Maass.</strong></span> <span class='ocrx_word' id='word_1_335' title='bbox 798 4416 890 4488; x_wconf 88' lang='lat' dir='ltr'><strong>Biogr.</strong></span> <span class='ocrx_word' id='word_1_336' title='bbox 910 4437 936 4488; x_wconf 90' lang='lat' dir='ltr'><strong>p.</strong></span> <span class='ocrx_word' id='word_1_337' title='bbox 954 4423 1018 4486; x_wconf 76' lang='lat'><strong>1483</strong></span> <span class='ocrx_word' id='word_1_338' title='bbox 1042 4418 1071 4472; x_wconf 86' lang='lat' dir='ltr'><strong>in</strong></span> <span class='ocrx_word' id='word_1_339' title='bbox 1093 4419 1321 4489; x_wconf 85' lang='lat' dir='ltr'><strong>‘stupidissimis&#39;</strong></span> 
     </span>
     <span class='ocr_line' id='line_1_39' title="bbox 181 4494 580 4567; baseline 0.01 -20"><span class='ocrx_word' id='word_1_340' title='bbox 181 4509 243 4548; x_wconf 86' lang='lat' dir='ltr'><strong>eam</strong></span> <span class='ocrx_word' id='word_1_341' title='bbox 261 4494 348 4551; x_wconf 85' lang='lat' dir='ltr'><strong>babet</strong></span> <span class='ocrx_word' id='word_1_342' title='bbox 366 4495 459 4551; x_wconf 76' lang='lat' dir='ltr'><strong>Maesa</strong></span> <span class='ocrx_word' id='word_1_343' title='bbox 477 4514 504 4567; x_wconf 90' lang='lat' dir='ltr'><strong>p.</strong></span> <span class='ocrx_word' id='word_1_344' title='bbox 522 4502 580 4551; x_wconf 76' lang='lat'><strong>115.</strong></span> 
     </span>
    </p>
   </div>
   <div class='ocr_carea' id='block_1_9' title="bbox 0 0 1524 5114">
    <p class='ocr_par' dir='ltr' id='par_1_12' title="bbox 0 0 1524 5114">
     <span class='ocr_line' id='line_1_40' title="bbox 0 0 1524 5114; baseline 0 0"><span class='ocrx_word' id='word_1_345' title='bbox 0 0 1524 5114; x_wconf 95' lang='lat' dir='ltr'><strong> </strong></span> 
     </span>
    </p>
   </div>
  </div>
 </body>
</html>
