3036 5114
563 374 566 379 ,
616 319 829 378 unsucnms.
928 403 931 409 Ι
1229 317 1291 379 111

147 486 270 574 λόγους
294 486 440 574 γέγραφε
463 485 528 572 λό’.
572 481 699 571 βιώσας
721 482 758 551 δὲ
783 488 838 569 ἔτη
858 479 891 553 ς’
914 477 997 568 πρὸς
1020 493 1090 559 τοῖς
1112 477 1145 565 ρ’
1170 476 1292 545 ἐτελεύ-

146 615 256 682 τησεν.
302 592 443 682 άδελῳολ
467 593 504 662 δὲ
528 590 617 685 αὐτῷ
642 592 797 678 ἐγένοντο
826 595 986 669 Τίσιππος
1008 587 1063 655 καὶ
1082 584 1294 672 Θεόμνηστος

130 688 202 770 ’καὶ
226 699 417 788 Θεόδωρος,
446 660 648 795 διδάσκαλος
671 698 709 765 66
732 703 887 784 Γοργίας
913 700 947 764 οί
972 696 1009 762 66
1036 699 1153 763 Τισίαν
1176 696 1293 780 φασίν,

148 807 241 878 οίδλ
260 807 430 896 Ἐργῖνον,
455 835 487 876 οι
480 808 548 875 ‘66
571 788 744 894 Πρόδικον
769 810 943 892 [ἔφασαν],
968 830 999 872 οι
992 802 1105 872 ἀδλ
1084 803 1293 889 Θηραμένην.

151 921 187 986 oc
208 917 245 986 δὲ
268 916 363 1003 λόγοι
387 914 492 985 αὐτοῦ
514 922 669 984 πλεῖστοι.
1308 933 1321 972 ⁵

237 1025 434 1093 OOOOXIV.
469 1010 693 1111 Ἰσοκράτης
708 1019 852 1109 Ἀμύκλα
875 1023 936 1088 τοῦ
959 1016 1163 1106 φιλοσόφον,
1181 1013 1294 1083 Ἀπολ-

150 1137 273 1258 λῳνίας
300 1134 358 1219 τῆς
386 1133 423 1199 ἐν
450 1135 494 1223 τῳ
524 1125 694 1221 Πόντῳ”
676 1157 696 1216 η
719 1125 928 1216 Ηρακλείας,
961 1123 1017 1221 οἱς
1034 1131 1293 1221 Καλλίστρατος,

102 1237 274 1353 ρήτωρ,
303 1236 456 1325 μαθητὴς
484 1237 540 1305 καὶ
564 1198 721 1324 διάδοχος
743 1239 803 1303 τοῦ
826 1234 973 1322 μεγάλου
993 1230 1218 1320 Ἰσοκράτους,
1248 1235 1295 1298 δι-

63 1338 69 1351 ⁵
102 1314 295 1471 ακρόσας
319 1345 355 1413 δὲ
379 1346 434 1413 καὶ
458 1343 642 1423 Πλάτωνος
664 1347 725 1411 τοῦ
749 1341 947 1475 φιλορόφου.
994 1331 1092 1419 οὗτος
1115 1338 1194 1407 666
1215 1338 1296 1406 ’-Ισο

147 1450 270 1538 κράτης
296 1452 352 1520 καὶ
375 1453 539 1540 Θεοδέκτῃ
567 1455 614 1544 τῷ
643 1449 759 1537 ρητορι
786 1448 842 1516 καὶ
869 1451 1107 1540 τραγῳδοποιῷ
1135 1447 1190 1514 καὶ
1214 1455 1293 1514 Θεο-
1310 1473 1335 1512 ιο

152 1558 271 1650 κόμπῳ
298 1564 343 1651 τῷ
368 1565 438 1651 Χίῳ
467 1558 534 1646 άμα
560 1563 606 1651 τῷ
632 1555 822 1649 Ἐρνδραίῳ
852 1556 1043 1644 Ναυκράτει
1072 1560 1295 1641 διηγωνίσατο
1349 1618 1366 1645 s

153 1667 228 1753 περὶ
250 1665 362 1753 λόγων
385 1670 432 1748 είς
453 1665 513 1736 τὸν
538 1665 714 1753 ἐπιτάφιον
738 1664 934 1733 Μαυσώλου
957 1669 1018 1733 τοῦ
1036 1665 1199 1751 βασιλέως
1215 1661 1296 1729 Ἀλι-

151 1778 353 1859 καρνασσοῦ.
375 1775 430 1842 καὶ
453 1774 548 1861 λόγοι
565 1774 669 1843 αὐτοῦ
684 1772 724 1841 ε’·
746 1771 1029 1861 Ἀμῳικτυονικός,
1050 1769 1297 1858 προτρεπτικός,

151 1881 226 1967 περὶ
244 1885 306 1950 τοῦ
324 1881 434 1968 τάφον
453 1880 497 1968 μή
515 1885 654 1968 ποιῆσαι
675 1885 841 1972 Φιλίππῳ,
859 1879 934 1967 περὶ
952 1883 1013 1947 τοῦ
1032 1885 1298 1966 μετοικισθῆναι,

150 1988 225 2075 περὶ
248 1992 306 2075 τῆς
329 1989 450 2057 ἑαυτοῦ
473 1993 648 2068 πολιτείας.
1313 2012 1338 2052 υ

240 2096 418 2164 CCCCXV.
446 2094 599 2185 Ἴστρος
625 2094 832 2183 Μενάνδρου
857 2092 1037 2183 [Ἰστρου],
1064 2088 1297 2229 Κνρηνμῑοςῆ

152 2201 335 2288 Μακεδών,
370 2201 596 2333 συγγραφεύς,
629 2200 847 2289 Καλλιμάχου
881 2205 1002 2281 δοῦλος
1033 2203 1089 2269 και
1123 2200 1299 2297 γνοίριμος.

143 2307 329 2410 Ἕρμιππος
355 2312 392 2378 66
415 2308 520 2379 αὐτόν
544 2330 627 2398 φησι
650 2308 791 2397 Πάφιον
815 2312 852 2378 ἐν
874 2313 919 2407 τῳ
944 2308 977 2394 β’
1001 2313 1070 2377 τῶν
1094 2307 1298 2415 διαπρευάν-

150 2443 218 2485 των
245 2420 282 2486 ἐν
295 2423 440 2511 παιδεία
455 2417 607 2511 δούλων.
653 2422 776 2504 ἔγραψε
800 2416 837 2484 δὲ
854 2378 965 2485 πόλλα
989 2417 1045 2484 καὶ
1067 2402 1298 2506 κατολογάδην

149 2523 205 2591 καὶ
228 2528 417 2611 ποιητικῶς.
1312 2552 1338 2591 ιο

240 2630 435 2700 OOOOXVI.
479 2627 739 2718 Ἰφικράτης
771 2631 914 2709 σκυτέως
945 2629 1086 2717 πατρός,
1121 2629 1299 2718 Ἀθηναῖος

224 2809 238 2857 1
257 2799 328 2873 πρὸς
346 2807 405 2864 τοῖς
424 2818 442 2873 6
456 2799 574 2855 Luciuni
590 2800 653 2855 loeo
667 2800 788 2855 Maerob.
800 2806 833 2855 23
853 2817 907 2854 non
927 2803 1058 2855 accurate
1072 2801 1198 2871 inspecte
1215 2800 1298 2856 Gais-

150 2883 215 2950 t'ord
285 2889 301 2937 2
327 2880 499 2944 Τελέσιππος
522 2882 571 2936 καλ
594 2878 769 2951 Διόμνηστος
792 2880 918 2949 Scriptor
941 2879 991 2935 vit.
1012 2879 1036 2932 X
1060 2884 1130 2935 orat.
1155 2900 1181 2951 p.
1202 2889 1297 2949 2413

151 2960 240 3019 West,
294 2958 449 3033 4’661606
467 2963 612 3017 Ruhnken.
632 2961 698 3016 hist.
714 2979 752 3018 or.
768 2981 794 3032 p.
809 2961 884 3015 XLII
939 2956 1133 3030 Πρωταγόραν
1152 2980 1202 3032 pro
1222 2960 1297 3033 Πρό-

152 3044 232 3098 δικον
250 3044 301 3098 alii
319 3045 418 3100 volunt
431 3044 494 3100 coll.
509 3063 534 3099 v.
550 3039 741 3112 Πρωταγόρας
796 3039 922 3111 ἔφασαν,
942 3041 1008 3110 quia
1023 3041 1176 3111 claudicat,
1196 3043 1298 3098 seclusi

224 3121 377 3178 ccccxlv
396 3125 472 3179 Εαδ.
492 3143 518 3193 p.
534 3129 585 3176 402
606 3139 677 3191 quae
697 3139 751 3176 om.
768 3117 868 3178 Ἀπολλ
886 3154 918 3161 -
933 3119 1033 3192 ρ’ήτωρ,
1061 3123 1196 3179 Τεεο1αο1
1210 3125 1297 3196 Blase,

152 3202 211 3259 Au.
227 3203 338 3260 Bereds.
354 3206 379 3260 11
393 3224 420 3274 p.
436 3211 470 3259 68
485 3205 514 3258 et
526 3208 590 3269 418,
608 3202 696 3272 Daub,
717 3201 795 3256 stud.
815 3220 842 3271 p.
857 3206 891 3256 56
947 3209 962 3257 7
981 3206 1065 3258 Καλλ.
1085 3221 1121 3258 ετ.
1137 3205 1201 3272 περὶ
1216 3200 1297 3276 Ἡρα-

75 3318 83 3331 ·
151 3286 255 3348 κλείας.
294 3284 333 3340 cf.
353 3285 454 3339 Miiller
473 3283 510 3336 IV
530 3302 556 3353 p.
576 3290 628 3338 353
645 3301 716 3353 seq„
740 3279 788 3351 qui
807 3283 860 3336 hou
878 3282 1065 3353 fragmentum
1088 3286 1219 3354 neglexit.
1257 3288 1297 3343 Cf.

151 3383 177 3419 v.
198 3362 347 3432 Φιλόξενος
423 3369 439 3420 8
459 3361 550 3435 (λη’τωρ
568 3365 734 3435 Bernhardy
757 3360 772 3418 6
792 3360 883 3433 ῥήτωρ
902 3367 924 3414 Δ
942 3366 1014 3432 ιάίμ,
1087 3360 1248 3429 άκοόσαςν

151 3449 168 3497 9
188 3436 271 3508 οὗτος
290 3477 323 3485 -
338 3442 551 3515 Ἁλικαρνασσοῦ
572 3463 626 3501 om.
641 3446 716 3501 Eud.
791 3449 824 3498 10
842 3445 1054 3518 τραγῳδιοποιῷ
1074 3448 1146 3515 υαίγ.
1166 3451 1240 3502 recte
1258 3453 1281 3501 Δ

153 3523 296 3597 Θεοδέκτῃ
312 3532 421 3580 nvn
447 3525 595 3598 Θεοδέκτῳ
618 3528 690 3597 ναίμ.
789 3532 819 3579 11
845 3520 1010 3593 Ναυκράτει
1029 3525 1194 3599 Bernhardy
1218 3533 1297 3584 Ναυ-

152 3600 242 3676 κράτη
260 3611 282 3658 Ε
302 3608 485 3678 Ναυκρατίτη
499 3613 522 3660 V
540 3608 612 3677 ναίμ.
697 3614 729 3662 12
749 3608 799 3662 τοῦ
819 3603 914 3674 Καρός
932 3605 995 3660 add.
1014 3609 1087 3676 ναίμ.
1103 3625 1156 3663 om.
1176 3614 1278 3662 mv

106 3733 109 3739 .
158 3691 191 3739 13
210 3680 311 3755 λόγους
329 3684 413 3741 πέντε
432 3686 508 3742 Εκά.
578 3683 811 3755 Ἀμφικτυονικός
829 3692 852 3740 Δ
872 3690 876 3696 “

229 3764 368 3822 CCCCXV
387 3767 462 3822 Εααά.
477 3786 504 3837 p.
516 3773 576 3823 400.
596 3767 732 3824 Tractant
751 3768 878 3836 Siebelis‚
896 3767 961 3822 Istri
976 3767 1008 3823 fr.
1024 3787 1050 3838 p.
1065 3769 1151 3836 XVII,
1171 3771 1298 3827 Msnlerl

153 3862 180 3914 p.
201 3846 327 3900 LXXXV
420 3855 453 3903 16
476 3843 494 3922 6
513 3844 619 3918 Ἴστρον
639 3867 701 3904 eum
726 3850 820 3905 Vossiu
839 3850 964 3916 Siebeliu,
983 3853 1054 3904 Μεν.
1076 3848 1216 3917 ἱστορικοῦ
1236 3871 1299 3908 eum

155 3925 500 3995 ΤονμίοΚαοαναοΜεν.
521 3927 648 3997 ἰατρικοῦ
663 3930 748 3984 Daub
764 3927 1187 4002 ”Ιττρου11111ε111ἀιλ,ηυοδ
1202 3935 1298 4004 genui·

152 4024 219 4060 num
245 4025 318 4077 esse,
345 4011 393 4064 sed
417 4027 435 4064 a
458 4010 561 4064 lectore
584 4011 630 4064 vel
655 4010 838 4080 grammatico
861 4012 1022 4079 genetivum
1044 4011 1120 4066 vocis
1143 4013 1248 4070 indicat
1236 4020 1298 4073 turo

153 4089 325 4158 adscriptum
344 4089 408 4143 coll
428 4109 452 4145 v.
470 4091 613 4156 Δέξιππος
627 4094 663 4146 al.
678 4093 821 4162 perspexit
834 4093 1001 4147 θαλεαίιπιίδ.
1022 4092 1107 4148 eft
1079 4095 1204 4152 etiamv.
1220 4095 1299 4167 Νόμ-

154 4189 217 4239 66,
234 4164 350 4240 Ἀραράς
369 4171 404 4226 uL
496 4166 610 4240 ἢΜακ.
631 4190 685 4228 om
705 4175 780 4228 Eud.
873 4178 905 4228 18
925 4172 966 4227 Cf.
982 4172 1179 4244 Wuuhsmuhh
1204 4178 1297 4246 Symb.

154 4255 319 4320 ρ.14θτοη.
375 4252 426 4323 βίῳ
445 4248 689 4322 ρτοβΔ,ηιιοδ
708 4271 876 4323 quamquem
896 4255 1186 4325 Ιαυδοτί11ίιιο11,ινυο
1204 4262 1298 4314 tamen

154 4329 262 4384 librarii
280 4329 368 4385 errori
385 4331 502 4386 debetur
907 4395 911 4403 ¹

225 4411 378 4466 CCCCXVI
398 4429 451 4467 om.
470 4414 604 4469 Παίονα.
622 4415 697 4469 Eud.
713 4434 739 4485 p.
754 4422 815 4472 402.
841 4417 879 4473 Cf.
895 4418 1040 4472 Ruhnken.
1057 4419 1121 4472 hiet.
1134 4437 1205 4489 ουρ
1225 4419 1299 4474 LVII

153 4508 213 4561 seq.
267 4499 299 4546 21
320 4491 414 4546 δοκῶν
432 4490 494 4557 υίὸς
513 4491 586 4550 εἶναι
605 4495 777 4567 σκυτοτόμον
797 4498 938 4554 Plutarch.
959 4499 1099 4569 Apophth.
1115 4519 1141 4570 p.
1156 4506 1206 4556 186
1221 4500 1299 4571 (VIII
