3036 5114
196 303 262 370 210
661 310 873 367 HESYOHIUS.

196 466 286 534 ἐστιν
312 464 415 554 Ἀργῶ
442 469 497 536 καὶ
518 466 727 557 Ἀσκληπιός,
759 470 820 569 ῥίς-
831 470 1136 570 φησινᾌθήιωιος
1162 478 1199 544 ἐν
1222 481 1271 569 τῷ
1299 477 1351 544 ιδ’

194 577 263 642 τῶν
288 580 599 661 Δειπνοσοφιστῶν.

284 683 512 753 DCCLXXIX.
561 687 816 775 Τέρπανδρος
845 684 1011 776 Ἀρναῖος,
1044 686 1064 778 ἢ
1101 692 1243 775 Λέσβιος
1278 687 1350 759 άπὸ

114 855 120 887 ,
191 786 377 877 Ἀντίσσης,
401 786 421 878 ἢ
442 798 594 879 Κυμαῖος
622 793 673 885 (ot
694 795 731 865 ei
754 796 808 863 καὶ
833 793 1003 883 ἀπόγονον
1022 794 1183 867 Ἡσιόδου
1201 795 1349 883 ἀνέγρα-

115 904 120 916 '
166 912 279 984 ὑφαν,
307 895 403 967 άλλοι
434 898 471 966 δὲ
489 898 649 989 Ὁμήρου,
677 909 784 996 linior-r
809 903 961 990 λέγοντες
985 902 1089 973 αύτὸν
1112 909 1173 974 τοῦ
1198 905 1349 985 Φωκέως

26 1007 79 1053 r...·.=
191 1010 252 1074 τοῦ
284 1005 515 1096 Εὐρυφῶντος
547 1013 607 1098 τοῦ
634 1006 809 1102 Ὁμήρου),
848 1012 996 1106 λυρικός,
1030 1009 1068 1093 ὃς
1099 1011 1346 1111 κρῶτος-ἕπτὰ

191 1119 325 1213 χορδῶν
358 1117 491 1201 ἐποίησε
523 1115 586 1203 τὴν
619 1115 741 1203 λύραν,
774 1119 829 1186 καὶ
862 1118 989 1208 νόμους
1020 1118 1178 1208 λυρικοδς
1210 1104 1346 1207 πρῶτος

192 1208 356 1309 ἔγραφεν,
381 1227 412 1290 εί
434 1228 492 1290 καί
511 1224 831 1324 τίνες-Φιλάμμωνα
853 1227 994 1295 θέλουσι
1016 1229 1228 1317 γεγραφέναι.

219 1324 221 1327 ’
281 1330 492 1398 DOOLXXX.
543 1334 742 1419 Τεῦκρος
774 1330 792 1400 ὁ
822 1331 1007 1420 Κυζικηνὸς
1038 1332 1074 1425 Ιὸ
1103 1334 1234 1424 γράψας
1263 1337 1343 1423 περὶ

152 1457 177 1497 1⁰
191 1436 409 1525 χρυσοφόρου
426 1437 515 1529 γῆςΙ,
534 1439 683 1527 περὶτοῦ
698 1445 891 1528 Βυζαντίου,
911 1446 1171 1527 Μιθριδατικῶν
1185 1442 1341 1532 πράξεων

190 1549 303 1629 βιβλία
326 1542 367 1629 ε’,
394 1546 470 1632 περὶ
498 1545 609 1632 Τύρου
637 1545 677 1631 ε’,
702 1543 886 1633 Ἀραβικῶν
910 1547 950 1631 ε’,
976 1546 1164 1636 Ἰουδαϊκὴν
1188 1553 1343 1637 ἱστορίαν

191 1651 228 1716 ἐν
263 1655 406 1736 βιβλίοις
443 1650 487 1735 ς’,
524 1650 661 1737 ἐφήβων
692 1655 761 1718 τῶν
792 1655 830 1720 ἐν
862 1659 994 1746 Κυζίκῳ
1027 1654 1169 1742 ἄσκησιν
1201 1656 1248 1743 γ’,
1284 1659 1342 1726 καὶ

192 1755 276 1844 <τά>
300 1757 409 1826 λοιπά.

279 1866 507 1935 DOCLXXXI.
539 1862 744 1953 Τηλαύγης
767 1863 906 1952 Σάμιος,
931 1869 1143 1959 Πυθαγόρου
1165 1874 1225 1940 τοῦ
1248 1870 1343 1942 πάνυ
1370 1909 1438 1947 ωι.

149 1992 175 2035 1⁶
189 1971 263 2054 υίὸς
299 1974 354 2042 καὶ
390 1973 558 2062 μαθητής,
595 1973 798 2062 φιλόσοφος,
835 1973 1037 2056 διδάσκαλος
1071 1974 1341 2065 Ἐμπεδοκλέους.

191 2086 313 2169 ἔγραψε
336 2084 411 2170 περὶ
434 2087 492 2170 τῆς
514 2081 713 2170 τετρακτύος
735 2087 849 2168 βιβλία
873 2081 916 2150 δ’.

277 2191 524 2258 DGCLXXXII.
569 2195 833 2276 Τηλεκλείδης
858 2186 1036 2276 Ἀθηναῖος
1065 2193 1219 2281 κωμικός.
1269 2200 1341 2264 τῶν

190 2296 370 2386 δραμάτων
391 2296 498 2365 αὐτοῦ
517 2300 607 2366 ἐστιν
624 2294 862 2384 Ἀμφικτύονες
880 2300 934 2366 καὶ
954 2300 1143 2387 Πρυτάνεις
1160 2302 1215 2369 καί
1234 2310 1341 2391 Στερ-

188 2410 259 2493 ροί,
283 2401 646 2499 ῶςἈ-θήνααις-λεγει
661 2407 698 2474 ἐν
721 2418 792 2486 τοῖς
815 2414 1129 2496 Δειπνοσοφισταίς.

149 2530 176 2570 2⁰
279 2512 544 2582 DOCLXXXIH.
597 2512 802 2600 Τήλεφος
842 2515 1063 2602 Περγαμηνὸς
1103 2517 1340 2603 γραμματικός.

190 2625 313 2708 ἔγραψε
336 2622 391 2690 καὶ
415 2620 533 2710 αὐτός,
557 2625 593 2690 ἐν
619 2616 669 2701 οἷς
691 2627 909 2706 παρατίθεται
933 2621 1020 2689 πόσα
1043 2621 1105 2710 χρὴ
1129 2625 1252 2691 είδίναι
1276 2624 1340 2693 τὸν

188 2875 302 2940 poetam
316 2871 401 2927 fuisse
416 2876 525 2929 constet
539 2873 583 2942 (ef.
599 2873 662 2927 XIV
676 2890 704 2940 p.
715 2875 786 2940 637),
810 2872 850 2927 Cf.
866 2871 967 2942 Bergk,
981 2872 1060 2928 Poet.
1074 2873 1138 2943 Lyr.
1153 2892 1179 2943 p.
1197 2880 1265 2928 1274
1276 2892 1336 2945 seq.

191 2958 204 3005 1
225 2949 254 3006 δ’
273 2955 345 3023 ναῖς.
366 2950 405 3007 ιδ’
426 2959 528 3007 em
548 2951 983 3007 οοπ.]1ἰιελιταοοο]λιιάιείαε

260 3032 443 3087 DCCLXXIX
464 3032 502 3086 cf.
524 3032 619 3101 Steph.
635 3030 699 3100 Byr.
715 3048 739 3085 v.
754 3025 892 3098 Ἀντισσα,
912 3031 941 3083 et
960 3048 1031 3099 quae
1051 3033 1122 3086 dixit
1138 3033 1244 3104 Rohde,
1264 3035 1338 3092 Mus.

188 3113 276 3166 Rhen.
296 3111 414 3166 XXXIV
433 3131 461 3182 p.
477 3119 528 3167 568
601 3118 617 3166 6
637 3113 671 3166 de
689 3107 753 3180 Εύρ.
774 3110 807 3167 ef.
827 3130 853 3165 ν.
865 3105 999 3181 Ὅμηρος,
1019 3112 1066 3166 ubi
1084 3108 1207 3183 Ἐριφῶν
1226 3117 1306 3172 codd.

188 3200 204 3247 6
225 3187 295 3247 ἕπτά
316 3194 424 3261 χορδῶν
439 3199 492 3246 ΔΤ
512 3187 685 3262 ἕπτάχορδον
703 3191 751 3245 rel.
807 3196 823 3246 8
843 3187 1045 3261 ΦιλάμμοναΔ
1065 3193 1237 3266 Φιλάμμωνα
1250 3201 1337 3253 BVE.

188 3271 228 3327 cf.
248 3293 274 3328 v.
295 3270 421 3344 Θάμυρις
440 3278 469 3330 et
488 3274 563 3329 Suid.
584 3294 609 3329 v.
631 3268 795 3343 Φιλάμμωνε
817 3266 898 3332 -ῶν
917 3269 1017 3347 ᾄδουσι
1040 3272 1176 3343 Θαμύρου
1195 3278 1245 3331 τοῦ
1261 3280 1338 3353 Θρᾳ·

187 3352 236 3418 κὸς
255 3353 364 3423 πατέρα
384 3353 519 3424 γενέσθαι

260 3435 432 3493 DCCLXXX
450 3438 566 3492 Tractat
579 3433 680 3490 Miiller
695 3433 732 3486 IV
746 3452 773 3504 p.
790 3440 849 3489 508.
873 3434 1000 3504 Pompeii
1015 3437 1139 3505 tempore
1155 3453 1217 3490 enrn
1233 3437 1337 3495 vixisse

187 3519 282 3573 docuit
301 3515 479 3585 Gutschmid,
499 3516 618 3572 Zeitsch.
639 3517 664 3570 d.
684 3513 716 3571 D,
732 3514 819 3585 Morg.
840 3513 903 3568 Ges.
919 3513 969 3567 XV
984 3533 1010 3584 p.
1032 3521 1082 3569 105
1139 3524 1155 3571 9
1174 3517 1238 3583 περὶ
1257 3537 1337 3587 γρυσ.

187 3599 236 3668 γῆς
251 3599 357 3654 Teucro
372 3598 527 3668 Babylonio
543 3601 636 3668 (quem
651 3596 748 3650 laudat
764 3596 963 3660 Weetermann,
982 3595 1115 3650 Paradox.
1130 3614 1157 3665 p.
1175 3602 1236 3665 117)
1257 3597 1338 3654 dedit

187 3679 348 3733 Gutechmid
412 3686 444 3732 11
462 3674 543 3733 Ἰουδ.
564 3676 689 3747 ίστορίαν
708 3677 801 3748 potius
820 3671 985 3743 Χαλδαϊκὴν
1004 3675 1090 3729 fuisse
1110 3676 1337 3745 improbabiliter

187 3758 344 3827 suspicatur
362 3760 466 3822 Mittler
540 3765 571 3812 12
591 3756 692 3813 καὶτὰ
711 3753 796 3811 λοιπά
813 3761 836 3808 V
855 3755 903 3808 καλ
922 3752 1004 3809 λοιπά
1024 3756 1096 3824 vulp.

258 3838 439 3894 DCCLXXXI
464 3837 503 3894 cf.
527 3856 552 3894 v.
573 3835 673 3892 Θεανώ
693 3838 815 3905 Κρῆσσα.
853 3834 895 3890 ef.
919 3836 999 3904 Diog.
1020 3834 1163 3904 V111‚43;
1187 3836 1288 3891 Athen.
1308 3837 1334 3890 V

187 3938 214 3988 p.
229 3925 281 3972 220
361 3926 393 3975 16
417 3920 456 3973 At
473 3918 627 3989 Diogenes:
652 3913 818 3987 σύγγραμμα
837 3914 869 3970 δὲ
894 3913 1011 3985 φέρεται
1030 3917 1080 3969 τοῦ
1101 3911 1266 3984 Τηλαύγους
1286 3912 1334 3971 ού-

187 3997 252 4070 δέν,
271 3999 321 4066 τῆς
339 3998 372 4053 δὲ’
392 3996 494 4069 μητρὸς
513 3993 602 4054 αύτοῦ
623 3999 752 4059 Θεανοῦς
771 4018 833 4051 τινα

258 4079 453 4134 Dccnxxxss
474 4081 590 4136 Tractat
608 4078 737 4133 Meineke
752 4077 764 4128 1
783 4094 811 4145 p.
826 4083 860 4131 86
876 4093 931 4144 seq.
962 4076 1002 4129 De
1022 4075 1082 4130 vite
1100 4075 1172 4130 dixit
1185 4075 1275 4144 nauh,
1299 4078 1335 4133 de

188 4160 265 4217 suid.
284 4178 311 4230 p.
326 4165 387 4214 rer.
425 4159 465 4216 cf.
486 4162 587 4216 Athen.
608 4160 645 4214 lx
664 4178 691 4229 p.
709 4164 769 4224 399,
790 4158 853 4211 xlv
873 4177 899 4228 p.
916 4163 976 4224 οπο,
996 4161 1056 4223 ere,
1077 4162 1136 4212 οεο.

258 4239 468 4296 DCCLXXXIII
487 4240 527 4295 ef.
544 4260 568 4295 v.
583 4241 712 4309 Φιλητᾶς,
728 4240 775 4294 ubi
790 4240 862 4294 alter
877 4238 1016 4307 Telephus
1031 4236 1168 4306 laudatur,
1182 4236 1334 4296 Alexandri

188 4323 282 4394 Magni
296 4322 429 4392 aequalis.
457 4321 499 4376 De
513 4323 566 4376 hoc
581 4322 715 4390 Telepho,
730 4319 863 4374 Hadriani
879 4318 1006 4387 aequale,
1020 4317 1054 4371 cf.
1065 4317 1166 4372 Mdller
1180 4319 1218 4372 ΙΙΙ
1232 4338 1260 4389 p.
1271 4326 1334 4392 634,

187 4404 276 4474 Daub,
292 4403 369 4459 Stud.
384 4422 410 4474 p.
423 4408 474 4458 120
528 4407 561 4455 21
578 4398 683 4469 ἔγραψε
699 4400 747 4452 καλ
762 4395 848 4462 αὐτὸς
863 4402 926 4470 post
940 4394 990 4452 τὸν
1004 4394 1198 4467 γραμματικὸν
1213 4400 1332 4455 habetv

187 4485 235 4538 καλ
264 4479 351 4547 αίτὸς
374 4502 448 4554 susp.
470 4484 602 4548 Καολινο,
631 4499 726 4536 eorum
752 4481 839 4536 vicem
863 4475 987 4541 κανόνας
1010 4476 1081 4532 coni.
1102 4475 1333 4552 Ηικιολινλαοίαο,
