3036 5114
587 347 800 404 HESYCHIUS.
1201 345 1265 408 195

211 515 366 583 DCCXX.
411 518 592 597 Σίβυλλα
607 509 754 578 Ἕλισσα.
792 514 914 597 ἔγραψε
938 511 1093 594 μαντείας
1111 507 1165 573 καλ
1189 531 1265 591 χρη-

122 620 226 710 σμοὺς
249 618 294 689 δι’
321 624 418 688 έπῶν.

212 730 384 797 DOCXXI.
417 733 596 813 Σίβυλλα
617 728 833 811 Κολοφωνία,
856 723 928 811 ἥτις
950 721 1076 808 έκλήθη
1100 722 1155 788 καλ
1175 719 1266 806 Λάμ-

123 858 243 923 πουσα,
263 833 428 921 ἀπόγονος
448 833 650 921 Κάλχαντος.
673 834 728 900 καλ
747 830 831 918 αύτὴ
854 837 1008 917 μαντείας
1026 830 1080 897 καὶ
1100 825 1267 916 χρησμούς
1307 850 1311 855 ·

126 943 171 1012 δι’
199 946 287 1012 ἐπῶν
311 943 365 1009 καλ
388 940 482 1010 ἀλλα.
1281 981 1285 993 ·

212 1052 400 1118 DOOXXH.
437 1055 615 1136 Σίβυλλα
638 1048 784 1136 Θετταλὴ
813 1045 834 1135 η
864 1056 1026 1134 κληθεῖσα
1049 1045 1104 1112 καλ
1130 1041 1268 1127 Μαντῶ,

125 1155 293 1244 ἀπόγονος
319 1164 498 1244 Τειρεσίου.

213 1266 419 1332 DCOXXHI.
461 1271 641 1351 Σίβυλλα
671 1269 802 1351 Φρυγία
832 1261 852 1349 ἡ
881 1270 1042 1348 κληθεῖσα
1072 1257 1137 1327 ύπό
1166 1284 1268 1327 τινων
1301 1276 1328 1313 ,a-
1349 1274 1440 1314 ⁴¹⁴

125 1373 292 1461 Σάρνσις,
321 1371 384 1440 ὑπὸ
414 1375 454 1440 δέ
478 1399 582 1440 τινων
608 1371 809 1458 Κασάνδρα,
837 1369 949 1439 ἀλλων
977 1368 1014 1437 δὲ
1041 1366 1268 1453 Ταραξάνδρα.

126 1481 181 1547 καλ
205 1476 289 1566 αὐτὴ
313 1477 489 1566 χρησμούς.
1285 1494 1309 1531 ¹⁰

211 1588 417 1654 DCCXXIV.
447 1590 623 1671 Σίβυλλα
643 1591 781 1674 Κυμαία
799 1586 853 1652 καὶ
873 1588 1052 1670 Σίβυλλα
1071 1587 1270 1669 Θεσπρωτίς.

129 1692 252 1783 ὁμοίως
275 1693 452 1781 χρησμούς.

214 1803 401 1870 DOCXXV.
430 1806 607 1887 Σίβυλλα
627 1805 778 1869 Χαλδαία
800 1797 820 1887 ἡ
842 1800 897 1868 καλ
916 1802 999 1888 πρός
1017 1825 1120 1867 τινων
1133 1796 1271 1885 Ἑβραία

127 1908 367 1997 ὀνομαζομένη,
386 1905 406 1995 ἡ
426 1907 481 1975 καλ
501 1915 634 1997 Περσίς,
654 1906 674 1995 ἡ
692 1914 798 1999 κυρίῳ
818 1904 956 1995 ὀνόματι
975 1908 1163 1993 καλουμένη
1179 1913 1272 1992 Σαμ-

125 2017 233 2105 βηθη,
267 2020 316 2101 [ἐκ
344 2021 403 2084 τοῦ
431 2018 550 2102 γένους
576 2021 636 2084 τοῦ
669 2015 923 2104 μακαριωτάτον
951 2021 1046 2102 Νῶε,
1079 2012 1100 2100 ἡ
1130 2014 1170 2081 τὰ
1199 2008 1270 2080 κατ’
1288 2030 1312 2069 ¹⁵

44 2116 96 2156 Μ’·
124 2123 342 2208 Ἀλέξανδρον
370 2121 430 2192 τὸν
454 2121 639 2190 Μακεδόνα
666 2125 827 2209 λεγομένη
851 2124 1101 2210 προειρηκέναι,
1129 2113 1167 2208 ἧς
1191 2147 1271 2208 μνη-

126 2230 260 2319 μονεύει
283 2230 443 2316 Νικάνωρ
470 2227 487 2297 ὁ
511 2226 570 2297 τὸν
592 2227 812 2318 Ἀλεξάνδρου
834 2237 911 2318 βίον
936 2228 1127 2318 ἱστορήσας,
1154 2224 1174 2315 ἡ
1198 2229 1273 2313 περὶ

95 2391 99 2397 ,
126 2342 186 2406 τού
218 2337 383 2406 δεσπότου
410 2340 557 2422 Χριστοῦ
585 2343 687 2424 μυρία
716 2343 971 2426 προθεσπίσασα
998 2339 1053 2406 καλ
1082 2341 1140 2424 τῆς
1168 2334 1273 2404 αὐτοῦ

126 2451 319 2533 παρουσίας.
365 2441 448 2512 ἀλλὰ
480 2443 535 2510 καλ
558 2446 595 2510 αἱ
616 2445 729 2512 λοιπαλ
753 2444 962 2535 συνᾴδουσιν
985 2443 1084 2535 αὐτῇ,
1111 2443 1199 2531 πλὴν
1223 2442 1274 2511 ὅτι

127 2552 249 2639 ταύτης
278 2552 341 2619 εἰσὶ
369 2556 482 2638 βιβλία
506 2548 561 2617 κδ’
584 2551 659 2639 περλ
682 2550 806 2632 παντὸς
830 2558 953 2632 ἔθνους
976 2553 1030 2620 καλ
1053 2551 1163 2639 χώρας
1185 2578 1274 2639 περι·
1289 2569 1314 2607 2⁰

128 2662 254 2748 έχοντα.
292 2657 344 2726 ὅτι
368 2657 405 2726 δέ
429 2661 464 2726 ολ
485 2664 590 2745 στίχοι
615 2656 717 2744 αύτης
740 2655 866 2739 ἀτελεῖς
889 2656 1101 2747 εὑρίσκονται
1123 2658 1178 2726 καλ
1197 2655 1274 2746 ἀμε-

129 2795 213 2854 τροι,
233 2764 274 2835 ού
292 2771 350 2853 τῆς
367 2763 575 2852 προφήτιδός
593 2767 684 2832 ἐστιν
703 2761 724 2851 ἡ
744 2770 844 2852 αίτία,
863 2764 948 2835 ἀλλά
966 2770 1034 2835 τῶν
1051 2765 1274 2854 ταχυχράφων

130 2872 171 2941 ού
202 2871 478 2961 συμφθαοάντων
508 2876 548 2961 τῇ
577 2869 665 2962 ῥύμη
695 2875 754 2940 τοῦ
784 2872 900 2959 λόγου,
933 2868 953 2960 ἢ
982 2873 1037 2939 καλ
1064 2872 1274 2942 ἀπαιδεύτων

128 2982 321 3068 γενομένων
349 2979 404 3047 καλ
430 2975 576 3065 ἀπείρων
600 2982 834 3067 γραμματικῆς.
879 2978 946 3068 ἅμα
970 2979 1034 3067 γὰρ
1058 2986 1097 3070 τῇ
1123 2984 1275 3069 ἐπιπνοίᾳ

129 3089 290 3155 ἐπέπαυτο
314 3084 426 3173 ἡτῶν
450 3088 642 3171 λεχθέντων
665 3085 792 3173 μνήμη·
821 3089 875 3155 καλ
900 3087 956 3155 διὰ
979 3093 1078 3157 τοῦτο
1104 3086 1274 3175 εὑρίσκον-
1289 3105 1315 3145 2⁵

130 3222 184 3262 ται
218 3195 273 3260 καλ
309 3196 344 3261 ολ
370 3198 475 3279 στίχοι
504 3190 629 3272 ἀτελεῖς
656 3193 712 3259 καλ
742 3193 876 3263 διάνοια
904 3196 1079 3277 σκάζουσα.
1129 3204 1193 3263 είτε
1220 3194 1275 3262 καλ

129 3297 200 3368 κατ’
237 3305 432 3386 οἰκονομίαν
460 3303 560 3392 Θεοῦ.
580 3303 680 3367 τοῦτο
713 3303 867 3388 γέγονεν,
901 3300 946 3382 ῶς
977 3302 1021 3389 μὴ
1055 3301 1274 3389 γινῶσκοιντο

132 3405 197 3475 ὑπὸ
221 3411 289 3474 τῶν
312 3411 446 3474 πολλῶν
469 3406 524 3473 καλ
548 3404 694 3487 ἀναξίων
719 3411 754 3474 οί
774 3411 917 3495 χρησμοὶ
941 3406 1064 3496 αὐτῆς]

46 3552 103 3594 (ης,
218 3514 424 3581 DCCXXVI.
454 3512 669 3601 Σιβύρτιος
692 3517 878 3584 Θεοδέκτου
901 3502 972 3584 τοῦΙ
987 3522 1178 3602 Φασηλίτου
1197 3512 1275 3582 ἀνα-

130 3619 281 3706 χνῶστης
299 3622 354 3688 καλ
374 3622 511 3706 οἰκέτης,
531 3617 567 3700 δς
582 3620 822 3709 έρρητόρευσεν
837 3626 975 3690 οἰκετῶν
989 3627 1127 3712 πρῶτος.
1151 3628 1315 3710 ἔγραψεν)
1345 3628 1348 3633 '

130 3727 455 3815 τέχνας·ῥητορικάς.

201 3887 322 3942 ΒΟΟΧΧ
361 3895 373 3940 1
395 3890 521 3961 Λίβυσσα
540 3903 609 3942 corr.
630 3888 850 3945 Hemsterhusius

201 3968 362 4024 Dccxxul
382 3974 398 4022 8
414 3970 522 4037 Φρυγία
537 3985 552 4021 e
566 3968 628 4023 libr.
642 3968 708 4022 Par.
724 3970 865 4025 revocavit
879 3971 1023 4037 Κιιοίεναο,
1040 3975 1123 4026 antea
1141 3989 1196 4027 om.
1211 3971 1274 4026 edd.

130 4054 145 4100 9
166 4044 289 4114 Σύρνοις
308 4054 358 4101 Av
377 4047 484 4122 Σάρβις
502 4049 573 4116 ναῖς,
589 4047 663 4102 Eud.
739 4055 771 4103 10
792 4046 896 4118 ἔγραψε
918 4070 958 4120 χρ.
979 4050 1055 4106 Eua.

204 4127 363 4182 Dccxxlv
386 4136 417 4183 12
439 4127 547 4197 ἔγραψε
566 4127 613 4180 καὶ
633 4121 704 4197 αὕτη
724 4124 826 4197 ὁμοίως
844 4149 885 4199 χρ.
905 4131 981 4188 Eud.

202 4208 349 4262 Dccxxv
372 4215 404 4263 13
424 4210 525 4273 Χαλδ,
543 4202 612 4274 πρός
626 4227 709 4261 τινων
724 4203 852 4280 Ἐβραία,
871 4205 889 4279 ἡ
908 4211 973 4280 περὶ
987 4215 1037 4281 Χρ.
1053 4233 1139 4281 προφ.
1156 4212 1205 4264 rel.
1221 4226 1274 4263 om.

131 4287 205 4344 Ειιιλ,
264 4294 297 4342 14
317 4281 349 4356 ἧς
369 4285 400 4344 τὸ
420 4310 444 4343 ιι.
460 4284 483 4342 ὁ.
499 4288 590 4342 Δανα.
647 4294 679 4341 15
699 4288 768 4344 haec
782 4306 840 4358 seq.
854 4291 890 4344 ab
905 4291 1044 4362 Hesychio
1064 4293 1157 4346 aliena
1175 4292 1240 4343 sunt

134 4372 163 4420 17
184 4366 225 4420 cf.
245 4366 354 4434 ΜίἱΙλοτ,
374 4367 473 4437 Script.
495 4369 571 4422 Alex.
592 4386 618 4436 p.
636 4373 685 4421 152
760 4375 793 4425 18
811 4372 891 4425 δεοπ.
912 4373 986 4427 Θεού
1005 4375 1098 4427 Austro.

202 4446 361 4501 DCCXXVI
380 4448 455 4503 Eud.
471 4467 498 4518 p.
514 4454 566 4503 640
620 4455 653 4504 29
673 4447 822 4524 Σιβύρτιος
840 4458 915 4505 ΔΒΕ
935 4450 1068 4521 Σιβύρτις
1085 4457 1107 4505 V
1126 4447 1277 4520 Σιβύντιος

131 4527 193 4582 edd.
214 4531 280 4582 vett.
300 4527 375 4584 Eua.
436 4535 470 4583 30
489 4525 611 4597 ολκέτηςτ
631 4529 665 4585 cf.
681 4531 882 4601 Wachsmuth,
902 4533 996 4601 Symb.
1016 4550 1043 4601 p.
1061 4538 1110 4587 142
1174 4538 1206 4586 31
1229 4551 1276 4603 με·

1012 4623 1063 4676 13*
