3036 5114
243 310 306 374 132
704 310 916 366 HESYGHIUS.

241 471 403 561 ῥητόρων.
453 467 653 556 ἀνέγκλητος
682 470 718 538 δὲ
746 468 843 555 βιοὺς
870 474 1004 559 τελευτᾷ
1031 468 1137 560 νόσῳ,
1165 469 1261 549 υἱοὺς
1288 496 1385 537 κατα-

240 576 358 655 λιπῶν,
382 574 465 663 ὑπὲρ
489 568 538 643 ῶν
557 578 885 664 συκοφαντηθέντων
905 578 1129 664 Λημοσθένης
1150 574 1168 644 ὁ
1188 576 1298 664 ῥήτωρ
1319 574 1384 644 ἀπὸ
1454 616 1472 653 1.,

240 686 298 769 της
325 688 434 770 φυγῆς
462 681 564 751 είπῶν
589 686 711 765 ἐξεῖλεν
735 681 865 763 αὐτούς.
911 682 1006 768 λόγοι
1030 683 1067 752 δὲ
1091 682 1196 753 αὐτοῦ
1219 689 1282 752 είσι
1305 684 1386 771 γνή-

241 810 309 857 σιοι
342 793 377 858 οί
408 790 590 877 σωζόμενοι
622 789 703 858 κατά
734 788 1029 878 Ἀριστογείτονος,
1060 790 1143 859 κατά
1173 788 1383 876 Αὐτολύκου,

161 902 165 908 ’
214 895 322 965 εκατά
351 896 584 985 Λεωκράτους,
617 896 699 966 κατά
727 899 948 985 Λυκόφρονος
980 897 1026 984 β’,
1058 896 1140 966 κατὰ
1169 898 1386 981 Λυσικλέους,

240 1003 322 1072 κατὰ
337 1011 584 1092 Μενεσαίχμου,
604 1003 686 1073 κατά
708 1004 884 1092 Δημάδου,
907 1002 1069 1091 ἀπολογία
1088 1003 1171 1092 πρὸς
1188 1006 1249 1074 τὸν
1269 1003 1385 1087 αὐτόν,

240 1109 324 1199 ὑπὲρ
347 1115 414 1180 τῶν
438 1110 608 1197 εὐθυνῶν,
632 1111 716 1198 πρὸς
733 1114 912 1200 Ἰσχυρίαν,
936 1111 1018 1200 πρὸς
1040 1111 1097 1194 τὰς
1120 1118 1287 1200 μαντείας,
1309 1113 1386 1198 περὶ

239 1224 299 1306 τῆς
323 1218 534 1306 διοικήσεως,
562 1220 636 1305 περὶ
659 1222 716 1304 τής
740 1222 874 1306 ἱερείας,
902 1218 976 1304 περὶ
1004 1223 1061 1306 τής
1090 1218 1289 1306 ἱερωσύνης,
1317 1219 1384 1285 ἐπι-

241 1327 356 1394 στολαὶ
379 1327 435 1394 καὶ
459 1323 543 1394 άλλα
567 1325 653 1394 τινά.

203 1459 230 1498 ιο
333 1433 557 1502 COOOXCIH.
594 1437 864 1519 Λυκοῦργος
887 1434 1099 1521 Σπαρτιάτης
1121 1434 1323 1521 νομοθέτης,
1347 1428 1386 1512 ὃς
1411 1492 1449 1525 ,Π
1471 1496 1481 1525 ,Ι

135 1544 152 1561 ’”
240 1541 359 1626 γε’γονε
380 1544 449 1608 τῶν
473 1544 630 1627 Τρωικῶν
654 1540 733 1627 μετὰ
758 1546 813 1627 ἔτη
837 1540 881 1609 ν’.
918 1532 961 1628 ήν
985 1539 1022 1608 δὲ
1046 1550 1141 1621 θεῖος
1160 1541 1243 1628 πρὸς
1260 1537 1385 1627 πατρὸς

240 1647 414 1735 Χαριλάου
446 1652 506 1716 τοῦ
539 1646 799 1732 βασιλεύσαντος
828 1646 1002 1735 Σπάρτης,
1036 1646 1197 1734 Εὐνόμου
1229 1645 1387 1734 ἀδελφός,

240 1754 295 1821 καὶ
319 1755 476 1841 ἐκράτησε
495 1766 562 1823 τῶν
582 1759 803 1841 Σπαρτιατῶν
828 1760 882 1841 ἔτη
906 1754 977 1841 μηδ’,
1001 1752 1056 1823 ὅτε
1078 1756 1134 1823 καὶ
1157 1753 1236 1834 τούς
1259 1753 1388 1840 νόμους

245 1867 352 1946 ἔθετο,
376 1860 602 1950 ἐπιτροπεύων
624 1859 685 1929 τὸν
708 1859 927 1947 ἀδελφιδοῦν.
954 1862 1009 1928 καὶ
1033 1859 1134 1941 αὐτὸς
1157 1861 1194 1930 δὲ
1218 1863 1387 1947 ἐβασίλευ-

203 1994 228 2033 ιο
244 1989 303 2037 σεν
326 1975 381 2057 ἔτη
406 1969 467 2056 ιη’,
491 1967 568 2057 μεθ’
595 1964 635 2037 δν
659 1971 854 2055 Νίκανδρος
876 1973 931 2054 ἔτη
955 1967 1022 2054 λη’.
1071 1974 1194 2056 ἔγραψε
1216 1968 1350 2056 νόμους.

332 2078 553 2146 CCCCXCIV.
583 2074 806 2163 Λυκόφρων
831 2073 1014 2155 Χαλκιδεὺς
1034 2073 1100 2144 άπὸ
1125 2074 1286 2162 Εὐβοίας,
1313 2073 1388 2155 υίὸς

244 2185 435 2268 Σωκλέους,
467 2186 562 2252 θέσει
590 2183 627 2250 δέ
656 2181 772 2250 Λύκου
798 2185 860 2249 τοῦ
884 2178 1056 2271 Ῥηγίνου,
1084 2181 1308 2272 γραμματικὸς
1330 2183 1386 2250 καὶ

242 2288 385 2376 ποιητής
406 2294 615 2381 τραγῳδιῶν·
640 2295 708 2357 ἔστι
731 2293 816 2375 γοῦν
840 2283 1092 2379 ε-ἷς-τῶνῌέπτιά,
1116 2294 1238 2372 οἵτινες
1261 2288 1387 2369 Πλειὰς

313 2465 329 2513 b
352 2457 523 2521 Λνσικλέους
546 2475 614 2514 corr.
638 2458 780 2513 Μικτείκο
797 2476 850 2513 τοο.
867 2458 1004 2515 Weetem.
1024 2458 1199 2523 Πασικλέους
1216 2461 1288 2529 υαλρ.

242 2545 257 2594 6
278 2542 477 2610 Μενεσαίχμου
493 2557 566 2596 corr.
574 2539 716 2594 Meureiue
729 2556 783 2593 ree.
800 2538 937 2594 Weeterm.
952 2544 1121 2610 Μεναίχμου
1139 2543 1211 2611 υαλρ.
1231 2537 1386 2608 Μενὲγμου

240 2627 267 2674 1
280 2626 340 2675 Διὰ.
359 2621 435 2677 Eud.
513 2622 577 2690 post
600 2616 689 2673 αὐτόν
712 2619 872 2688 interpunxi
896 2637 958 2675 eum
980 2621 1129 2691 Ρίκιριτο,
1152 2622 1194 2676 ed.
1215 2621 1279 2691 Lyc.
1304 2639 1331 2690 p.
1350 2627 1385 2675 32

241 2705 269 2757 et
293 2702 430 2757 Weeterm.
503 2697 688 2768 8ίερείαςΔ
712 2696 854 2765 ίερατείας
870 2701 943 2770 vulp.
963 2699 1038 2755 Eud.
1075 2700 1140 2768 περὶ
1164 2701 1213 2770 τῆς
1232 2698 1387 2770 ἱερωσύνης

241 2783 331 2838 oratio
360 2783 457 2838 eadem
485 2797 545 2837 esee
573 2784 657 2849 atque
685 2778 750 2848 περὶ
778 2800 800 2834 τ.
828 2775 933 2848 ἱερείας
958 2779 1069 2836 videtur
1091 2781 1234 2849 Νίοακίο,
1260 2782 1295 2835 de
1317 2782 1385 2851 Lye.

241 2865 291 2921 vit.
311 2883 338 2934 p.
359 2871 393 2919 '14

312 2942 488 2999 ccccxcln
507 2959 561 2997 om.
576 2940 711 2995 Weeterm.
742 2940 781 2994 Cf.
801 2940 885 2993 eehol.
906 2939 1015 2998 Platon.
1035 2942 1074 2996 VI
1088 2961 1114 3012 p.
1130 2948 1182 2997 359
1201 2943 1295 2998 Herm.
1314 2947 1383 2996 Λυκ.

239 3022 423 3093 Σπαρτιάτης
445 3018 463 3091 ή
482 3018 707 3088 Λακεδαιμόνιος
730 3018 829 3088 γέγονε
854 3020 910 3074 τῶν
932 3022 1066 3090 Τρωικῶν
1088 3018 1158 3092 μετά
1184 3020 1232 3090 ἐτη
1255 3018 1307 3077 αλλ’
1333 3022 1386 3091 (sic

240 3105 353 3173 scripsit
370 3103 478 3169 Herm.;
501 3096 553 3155 νδ’
574 3100 618 3155 vel
637 3097 690 3170 μδ
711 3100 795 3169 libri).
827 3090 862 3166 ήν
881 3099 913 3154 δὲ
933 3098 1005 3156 κατά
1024 3105 1189 3172 Σιμωνίδην
1207 3097 1387 3171 Πρυτάνιδος

240 3182 292 3255 μὲν
311 3179 386 3251 υίός,
407 3177 539 3252 Εὐνόμου
559 3178 590 3234 δὲ
609 3175 745 3249 άδελφός,
763 3179 812 3234 καλ
826 3183 908 3243 θεῖος
926 3182 976 3236 τοῦ
992 3176 1126 3251 Εὐνόμου
1143 3179 1222 3250 υλοῦ,
1240 3177 1386 3250 Χαριλάου

240 3264 290 3317 τοῦ
310 3258 527 3336 βασιλεύσαντος
551 3261 600 3329 τῆς
617 3257 763 3328 Σπᾶλῑλλῖι
787 3252 820 3328 ἧς
845 3253 910 3330 ἦρξε
935 3265 983 3318 καλ
1007 3263 1172 3332 Λυκοῦργος
1195 3259 1243 3332 ἐτη
1262 3258 1313 3331 ιη’,
1337 3254 1386 3316 ὅτε

240 3343 289 3398 καλ
308 3339 374 3406 τούς
392 3339 496 3413 νόμους
511 3339 649 3412 ἔγραψεν,
669 3338 862 3408 ἐπιτροπεύων
882 3338 931 3396 τὸν
950 3339 1131 3413 άδελφιδοῦν.
1170 3338 1242 3397 κατά
1264 3340 1297 3396 δέ
1316 3336 1384 3403 τούς

240 3428 385 3486 πλείστους
400 3423 563 3493 Προκλέους
579 3421 630 3493 μὲν
649 3423 699 3476 τοῦ
718 3417 910 3493 Ἀριστοδήμου
925 3421 1000 3487 Σάος
1005 3466 1013 3490 ,
1032 3416 1066 3478 οὐ
1083 3418 1237 3492 Εὐρυπῶν,
1256 3414 1290 3477 οὗ
1305 3419 1384 3491 Πρά-

239 3527 332 3573 τανις,
356 3497 389 3560 οὗ
410 3501 553 3574 Εὔνομος,
577 3495 611 3558 οὐ
630 3501 811 3573 Πολυδέκτης
830 3498 862 3558 ἐκ
881 3504 1018 3573 προτέρας
1036 3500 1184 3574 γυναικός,
1209 3499 1241 3558 ἐκ
1259 3501 1293 3557 δὲ
1312 3508 1385 3556 Διω-

185 3594 188 3599 ’
239 3583 344 3654 νάσσης
361 3582 480 3653 ὑστέρας
499 3585 675 3654 Λυκοόργος,
699 3577 732 3637 όν
756 3584 804 3637 καλ
827 3579 893 3646 τούς
915 3578 1020 3653 νόμους
1045 3581 1076 3638 ἐκ
1094 3582 1207 3653 Κρήτης
1230 3582 1301 3652 φασλ
1322 3596 1406 3652 μετ-·

241 3673 367 3734 ενεγκείν
386 3665 426 3728 είς
444 3667 645 3734 Λακεδαίμονα
738 3672 769 3719 11
789 3660 817 3717 ν’
837 3669 859 3715 Δ
883 3664 957 3733 quod
981 3665 1123 3719 revocavit
1141 3664 1290 3730 Kuetene,
1312 3657 1342 3730 η’
1363 3667 1385 3713 V

241 3740 313 3798 ὀκτώ
332 3746 404 3813 ταῖς.
424 3741 474 3797 νθ’
496 3745 581 3799 schol.
602 3745 714 3800 Platon.
753 3744 793 3799 cf.
813 3743 922 3810 Msiller,
941 3744 1005 3799 Dor.
1025 3744 1038 3796 I
1056 3763 1083 3814 p.
1105 3751 1153 3799 131
1170 3760 1227 3812 eeq.
1250 3738 1302 3796 νθ’
1322 3757 1385 3796 τοττι

240 3824 326 3879 schol.
349 3826 459 3879 Platon.
480 3827 553 3879 reete
573 3842 601 3878 se
620 3825 723 3878 habere
742 3828 771 3879 et
788 3829 873 3878 antea
890 3826 946 3879 τῶν
963 3826 1097 3895 Τρωικῶν
1115 3842 1165 3894 pro
1180 3820 1304 3893 Ὀμήρου
1323 3841 1385 3876 mu-

239 3907 332 3959 tatum
351 3923 409 3960 esee
428 3905 500 3960 vidit
514 3905 673 3959 Gutschmid
738 3911 770 3958 12
789 3906 862 3960 filius
878 3906 996 3960 Eunomi
1015 3906 1165 3961 secundum
1180 3905 1263 3972 elios,
1282 3903 1331 3959 eed
1350 3903 1385 3958 es.

134 3988 136 3992 '
240 3985 338 4039 Eueeb.
359 3986 453 4042 chron,
470 3985 480 4037 1
499 4004 526 4055 p.
543 3991 593 4039 223
681 3991 714 4039 14
733 3986 781 4038 καλ
800 3980 886 4048 αὐτὸς
904 3985 935 4040 δὲ
959 3986 1026 4042 olim
1045 3988 1080 4040 ad
1100 3984 1237 4050 Charilai,
1256 4001 1311 4039 non
1331 3985 1385 4053 Ly·

241 4064 333 4134 eurgi,
352 4082 468 4135 regnum
488 4068 628 4135 spectasse
648 4065 720 4121 vidit
740 4064 912 4132 θαλεολιιιίιλ,
935 4085 1102 4136 quamquam
1123 4069 1152 4121 et
1170 4065 1255 4120 schol.
1276 4065 1385 4119 Platon.

241 4144 387 4211 erraverit3
410 4145 506 4214 itaque
526 4153 559 4201 60
583 4163 669 4201 annos
688 4145 812 4201 Charilei
831 4148 905 4218 apud
924 4146 1053 4217 Apollod.
1074 4145 1155 4201 effici.
1189 4147 1232 4198 An
1251 4137 1281 4206 ὃς
1299 4138 1386 4204 αὐτὸς

243 4222 283 4300 ἐβ.
303 4226 516 4294 corrigendum?

313 4305 489 4361 CCCCXCIV
522 4306 563 4361 cf.
583 4327 608 4361 v.
628 4304 727 4370 Λύκος.
767 4309 903 4364 'Praebent
921 4308 1064 4375 Weleker,
1088 4307 1132 4363 Gr.
1151 4304 1233 4374 Treg.
1257 4323 1284 4374 p.
1305 4310 1386 4362 1266.

241 4389 354 4455 Nauck,
373 4387 406 4442 fr.
424 4391 497 4456 trag.
516 4405 543 4457 p.
559 4393 610 4442 636
685 4395 715 4442 17
736 4389 885 4452 Σωκλέους
903 4408 936 4445 ex
953 4391 1022 4444 Par.
1041 4388 1178 4442 Καολιτνο
1197 4385 1260 4441 coll.
1275 4384 1386 4452 Ττολττι,

241 4471 312 4526 chil.
332 4469 485 4537 V111,204.
519 4467 732 4530 ΣοκλέουςΔΙδ.
756 4472 827 4539 υκλγ.
855 4465 1006 4540 ’Λρτκλέους
1023 4473 1081 4523 Bu.
1161 4473 1193 4521 18
1217 4466 1252 4520 δυ
1271 4463 1386 4520 Pleiade
