3036 5114
621 334 833 392 HESYCHIUS.
1235 330 1297 395 139

52 532 112 573 ποτε
153 513 239 578 ψατο
277 496 463 584 Σωκράτην
503 494 584 584 μετὰ
619 494 766 564 Ἀνύτου.
821 500 1016 582 πεποίηνται
1054 493 1090 562 δὲ
1123 493 1211 586 αὐτῷ
1244 495 1326 602 uui}

156 610 348 697 τραγῳδίαι.
394 603 606 689 κατελιθεόθη
631 603 668 672 δὲ
692 601 756 671 ὑπὸ
780 608 848 672 τῶν
869 601 1069 690 Ἀθηναίων.

247 714 364 779 DXIX.
396 711 597 788 Μέλισσος
622 707 742 797 [ὄνομα
761 709 895 798 κύριον]
917 711 999 794 [καὶ]
1023 700 1163 795 (odron)
1183 701 1227 795 ἦν
1247 709 1297 775 ἐπὶ

113 807 128 838 ’“’
156 825 225 888 τῶν
249 819 408 907 Ζήνωνος
431 821 493 886 τοῦ
513 815 669 886 Ἐλεάτου
691 817 746 885 καὶ
770 819 1023 903 Εμπεδοκλεόυς
1046 817 1179 904 χρόνων
1199 816 1296 901 <καὶ>

157 918 284 1011 [οὗτος]
311 933 432 1014 ἔγραψε
451 927 526 1014 περὶ
544 931 605 993 τοῦ
625 924 730 1005 όντος.
767 926 821 992 καὶ
837 924 1131 992 ἀντεπολιτεύσατο
1148 924 1183 992 δὲ
1200 932 1300 1009 Περι·
1315 944 1327 983 ⁵

156 1043 237 1119 κλεῐ,
260 1035 315 1101 καλ
340 1032 423 1121 ὑπὲρ
444 1040 584 1120 Σαμίων
609 1033 835 1120 στρατηγήσας
855 1030 1063 1120 ἐναυμάχησε
1081 1029 1164 1118 πρὸς
1186 1037 1299 1116 Σοφο-

159 1147 242 1228 κλῆν
266 1139 325 1210 τὸν
348 1139 508 1227 τραγικὸν
532 1139 713 1227 ὀλυμπιάδι
731 1138 799 1208 rrd'.

248 1251 348 1316 DXX.
387 1251 645 1335 [Μένανδρος
665 1246 843 1335 Ἀθηναῖος
865 1246 1010 1333 κωμικὸς
1032 1244 1191 1332 ἀρχαῖος]

251 1357 304 1423 καί
330 1358 569 1440 Μένανδρος
593 1357 717 1443 ἕτερος,
744 1352 938 1440 Ἀθηναῖος,
969 1351 986 1422 ὁ
1013 1359 1221 1430 Διοπείθους
1248 1354 1302 1419 καὶ

155 1462 388 1550 Ἡγεστράτης,
420 1463 494 1547 περὶ
524 1454 564 1530 οὗ
592 1460 695 1541 πολὺς
723 1461 810 1549 παρὰ
838 1466 940 1529 πᾶσιν
969 1458 987 1529 ὁ
1017 1459 1134 1547 λόγος,
1160 1457 1304 1548 κωμικός
1319 1486 1344 1524 ιο

160 1575 229 1660 τῇς.
243 1573 321 1661 νίας
344 1574 529 1662 κωμῳᾷίας,
553 1567 695 1657 στραβὸς
712 1568 769 1650 τὰς
788 1568 892 1654 ὄψεις,
912 1566 989 1650 ὀξὺς
1009 1567 1046 1636 δὲ
1064 1566 1124 1636 τὸν
1143 1572 1229 1636 νοῦν
1248 1571 1303 1635 καὶ

93 1675 97 1682 ’
161 1679 234 1766 περὶ
272 1693 434 1766 γυναῖκας
467 1679 712 1764 ἐκμανέστατος.
769 1678 913 1764 γέγραφε
952 1680 1128 1767 κωμῳδίας
1161 1676 1217 1763 ρη’
1249 1676 1304 1743 καὶ

161 1784 334 1877 ἐπιστολάς
356 1783 441 1873 πρὸς
466 1793 678 1871 Πτολεμαῖον
702 1783 762 1853 τόν
785 1787 923 1870 βασιλέα
946 1784 1000 1851 καὶ
1025 1783 1147 1870 λόγους
1174 1783 1305 1869 ἑτέρους

125 1961 127 1966 .
160 1899 334 1975 πλείστους
356 1894 599 1983 ιωιταλογάδην.

247 2003 363 2069 DXXJ.
413 2003 652 2088 Μένανδρος
689 2002 875 2078 Λαοδικευς
906 2003 964 2086 τῆς
1001 1997 1090 2085 παρὰ
1124 1999 1224 2090 Λύκῳ
1258 2004 1303 2091 τῷ
1319 2022 1344 2063 15

160 2112 310 2199 ποταμῷ,
339 2107 509 2195 σοφιστής.
555 2113 699 2196 ἔγραψεν
728 2104 908 2193 ὑπόμνημα
932 2111 978 2185 είς
1000 2103 1062 2192 τὴν
1081 2102 1305 2192 Ἑρμογένους

161 2218 281 2301 τέχνην
304 2217 359 2283 καὶ
384 2213 465 2302 (ni)
488 2217 725 2282 Μινουκιανοῦ
748 2211 1034 2301 προγυμνάσματα
1057 2212 1112 2280 καί
1135 2210 1227 2280 άλλα.

250 2325 384 2390 DXXII.
422 2324 663 2407 Μένανδρος
686 2326 881 2408 Προτίκτωρ
905 2319 1079 2414 ἱστορικός.

67 800 111 839 tusi

232 2498 248 2544 2
268 2492 313 2547 hic
332 2492 395 2547 add.
416 2491 490 2546 Eud.
512 2489 618 2560 ἔγραψε
634 2488 763 2558 περὶτοῦ
778 2485 867 2552 ὄντος.
895 2480 931 2559 ἦν
947 2486 992 2545 ἐπὶ
1008 2488 1137 2559 Ζήνωνος
1156 2490 1205 2544 καί
1220 2494 1304 2560 Περτ-

160 2569 259 2634 νλέους
278 2572 326 2626 καλ
340 2571 536 2641 Σοφοκλέους,
554 2586 625 2639 quse
641 2569 752 2623 uberius
772 2570 868 2625 eodem
883 2570 945 2625 loeo
961 2570 1064 2625 Snidae
1078 2571 1143 2624 libri
1158 2570 1304 2637 exhibent3

146 2652 198 2705 'ad
212 2650 355 2706 Melissum
375 2654 501 2721 spectare
520 2651 627 2720 primus
642 2648 714 2702 vidit
729 2649 961 2714 Ηουιολενλιιείιιε,
981 2649 1110 2703 distinxit
1126 2650 1238 2705 Οίιιιίοιι
1253 2652 1304 2706 1ο.

160 2733 206 2795 (cf.
221 2732 301 2803 Diog.
318 2733 364 2801 IX,
375 2735 430 2801 24),
449 2749 500 2787 nos
518 2731 753 2785 Westermarmu-rrr
767 2729 856 2783 secuti
870 2731 906 2784 ad
921 2729 1043 2799 glossam
1057 2730 1197 2793 Μέλισσος
1216 2734 1304 2785 truns-

160 2814 311 2883 posuimus.
349 2815 498 2869 Prseterea
520 2812 564 2866 his
584 2807 712 2864 adiunxit
730 2810 829 2865 Suidss
852 2811 938 2866 schol.
958 2813 1004 2866 Ar.
1023 2811 1093 2864 Rau.
1116 2818 1191 2866 1337.
1225 2812 1305 2866 Cete-

160 2912 221 2947 rum
241 2909 341 2963 operae
361 2893 481 2963 pretium
500 2891 612 2947 videtur
631 2889 728 2945 afferre
747 2891 832 2945 schol.
850 2891 956 2947 Platon.
973 2891 1017 2960 (cf.
1033 2891 1119 2945 etiam
1134 2888 1172 2943 VI
1187 2910 1212 2961 p.
1229 2896 1304 2961 228J:

160 2971 290 3042 Μίλητος
313 2973 345 3029 δὲ
370 2975 526 3045 τραγῳδίας
549 2971 658 3042 φαῦλος
675 2967 806 3040 ποιητής,
831 2972 908 3041 Θρᾷξ
931 2969 1025 3040 γένος,
1050 2966 1087 3032 dc
1109 2965 1306 3039 Ἀριστοφάνης

161 3048 324 3120 Βατράχοις,
344 3056 499 3122 Πελαργοῖς
514 3053 606 3106 Λαΐου
624 3047 689 3106 viris
704 3048 792 3105 αὐτὸν
811 3053 909 3121 λέγων,
929 3043 1026 3125 ίπελῷ
1047 3050 1103 3106 ἔτει
1123 3048 1153 3105 οί
1164 3051 1305 3120 Πελαργοί

162 3129 358 3197 ίδίδασκοντο,
377 3133 425 3187 καὶ
445 3128 606 3201 ὁΜὲλητος
621 3128 807 3186 Οίδιπόὸωαν
828 3131 946 3200 ἔθηκεν,
966 3128 1003 3194 ὡς
1020 3128 1202 3200 Ἀριστοτέλης
1217 3133 1305 3184 Διδα-

161 3214 294 3276 σκαλίαις.
334 3209 364 3266 ἐν
393 3211 424 3267 δὲ
454 3217 593 3282 Γεωργοῖς
621 3208 658 3274 ὡς
684 3214 808 3266 Καλλίαν
833 3214 1016 3279 περαίνοντος
1043 3207 1132 3267 αὐτοῦ
1158 3211 1305 3284 μέμνηται.

161 3292 298 3362 μέμνηται
318 3289 407 3347 αὐτοῦ
427 3292 474 3346 καλ
493 3294 599 3354 Λυσίας
620 3287 651 3345 ἐν
670 3289 841 3368 Σωκράτους
859 3289 997 3368 άπολογίᾳ

232 3372 322 3427 DXIX
359 3380 374 3427 8
394 3365 477 3436 οὖτος
496 3374 542 3429 hic
560 3373 675 3440 inserui,
695 3373 768 3428 infra
786 3372 919 3442 expunxi,
939 3371 987 3425 καλ
1005 3372 1078 3425 infra
1096 3372 1193 3441 scripsi

164 3459 179 3507 '1
199 3448 247 3507 κε’
266 3454 358 3522 poscit
376 3455 543 3525 Bernhardy

232 3534 308 3587 DXX
336 3535 411 3590 Eud.
436 3554 462 3604 p.
482 3542 533 3592 498
557 3534 678 3605 priorem
702 3535 815 3604 porram
839 3532 919 3586 unice
942 3549 993 3586 nos
1018 3531 1118 3585 Snidse
1147 3533 1233 3587 errori
1258 3535 1305 3588 de-

161 3615 227 3668 bere
250 3617 389 3684 persuasit
409 3618 546 3672 Meinelrei
570 3635 596 3686 p.
611 3622 663 3671 270
749 3621 765 3670 8
784 3609 907 3682 κωμικός
926 3645 959 3652 -
980 3607 1127 3681 Ἀθηναῖος
1149 3631 1306 3685 expungere

162 3694 270 3748 mavult
283 3695 451 3766 Bernhardy
486 3696 534 3749 rai
549 3700 577 3750 st
592 3694 687 3765 ἕτερος
700 3695 784 3749 Drnrh
839 3692 1008 3760 Μένανδρος
1027 3694 1145 3748 alterum
1161 3714 1214 3749 orn.
1230 3697 1304 3751 Eud.

162 3780 178 3828 9
198 3769 213 3827 ὁ
232 3773 297 3828 add.
316 3776 391 3826 m
410 3791 463 3828 om.
479 3776 549 3844 ταῖς.
564 3775 640 3830 Eud.
698 3780 729 3827 10
744 3770 959 3843 Ἡγησιστράτης
977 3777 1048 3845 vulp.
1065 3776 1139 3830 End.
1161 3772 1258 3846 (Ἡγιο.
1272 3782 1305 3846 Ε)

162 3856 236 3908 reete
251 3858 327 3906 ΛΠ
384 3862 414 3908 11
436 3852 493 3909 ἔστι
513 3851 544 3908 δὲ
560 3854 608 3922 τῆς
628 3852 695 3916 νίας
713 3857 861 3926 κωμῳδίας
873 3856 947 3910 Eud.
1005 3854 1147 3925 11ργἘ;
1167 3855 1201 3909 cf.
1219 3857 1305 3910 etiam

45 3961 48 3965 <
161 3933 232 3988 dell.
252 3933 340 3999 XVII,
359 3940 415 4001 4‚5
474 3941 506 3988 18
526 3930 629 4002 ἑτέρων
648 3933 700 3988 δύο
715 3941 745 3989 V.
776 3933 904 3989 Ceterum
924 3954 943 3992 s,
963 3937 1010 3989 fin.
1030 3937 1123 4006 plures
1138 3935 1304 3991 Menandros

161 4016 338 4084 perturbatos
358 4033 417 4069 esse
437 4016 613 4086 Bernhardy,
634 4016 669 4070 ad
688 4016 829 4070 rhetorem
847 4015 916 4070 haec
935 4016 1021 4071 refert
1040 4016 1200 4070 θιιλοείιιιιίιί

233 4094 321 4149 DXXI
341 4097 415 4151 Eud.
436 4102 528 4165 p497
587 4104 618 4151 16
643 4096 819 4164 σοφιστοῦΔ
876 4095 916 4151 Cf.
936 4115 961 4150 v.
976 4092 1154 4167 Ἑρμογένης.
1218 4104 1250 4150 17
1270 4093 1303 4150 τά

162 4174 225 4229 add.
246 4176 330 4230 Πανί
402 4176 450 4229 καὶ
470 4171 540 4230 ἄλλα
559 4182 650 4232 οταν

232 4255 336 4310 DXXII
351 4256 426 4310 Eud.
437 4275 464 4324 p.
476 4263 536 4325 493,
551 4274 623 4324 quau
635 4255 722 4311 talem
733 4255 820 4311 vitam
832 4256 957 4312 exhibet:
974 4255 1079 4327 ἔγραψε
1092 4256 1165 4326 [cod.
1177 4252 1223 4326 τά]
1235 4253 1304 4324 μετὰ

163 4331 215 4403 τὴν
230 4330 386 4406 άποβίωσιν
401 4336 451 4391 τοῦ
464 4333 602 4406 Ἀγαθίου,
616 4327 766 4406 ἤτοι[1.ν’γν
782 4335 826 4407 di]
838 4333 973 4407 drddoxog
984 4339 1033 4406 τῖγς
1048 4333 1159 4391 ἐκείνου
1174 4333 1304 4405 ἱστορίας,

161 4432 245 4483 quam
266 4415 471 4485 Hesychisnum
489 4432 549 4469 esse
568 4415 626 4469 dixi
647 4416 754 4472 Unters.
776 4435 801 4484 p.
823 4424 869 4485 61,
889 4419 958 4472 Mus.
978 4419 1065 4472 Rhsn.
1086 4417 1187 4471 XXXV
1206 4436 1232 4486 p
1252 4424 1304 4472 218

162 4498 192 4551 et
210 4501 275 4564 2293
295 4495 459 4550 adversatus
479 4499 521 4552 est
539 4496 649 4566 Robur,
674 4496 710 4552 ib.
730 4497 845 4553 XXXIV
865 4517 891 4570 p.
908 4505 959 4553 513
1032 4506 1064 4553 18
1085 4501 1150 4569 post
1167 4494 1305 4567 ίοτορικός
