3036 5114
176 340 219 406 60
636 342 850 399 HESYCHIUS.

265 504 417 571 CCXXX.
455 513 669 592 Δομνῐνος,
692 504 878 591 φιλόσοφος
903 504 1027 591 Σύρος,
1051 501 1115 574 άπό
1138 532 1172 574 τε
1193 509 1319 572 Λαοδι-

176 616 266 691 κείας
288 612 343 678 καὶ
368 617 553 699 Λαρίσσης,
577 611 704 692 πόλεως
727 618 865 699 Συρίας,
889 611 1042 700 μαθητὴς
1064 616 1239 699 Συριανοῦ
1262 614 1319 680 καὶ
1347 640 1409 687 μιν,

177 714 335 803 Πρόκλου
367 719 607 805 συμφοιτητής,
640 717 686 806 sig
715 740 800 805 φησι
829 718 1031 807 Δαμάσκιος.
1082 726 1204 808 ἔγραφε
1236 719 1320 788 κατὰ

174 829 242 893 τῶν
264 829 325 892 τοῦ
350 824 531 905 Πλάτωνος
554 825 780 913 δοξασμάτων.

148 947 161 988 ⁶
265 934 435 1001 CCXXXI.
474 938 623 1021 Δοῦρις
650 934 824 1022 ἱστορικός.
871 941 1014 1023 ἔγραψεν
1038 939 1189 1021 ἱστορίαν
1213 941 1318 1023 Λιβυ-

173 1038 236 1126 κὴν
260 1042 315 1108 καὶ
340 1042 518 1129 Περσικήν.

265 1150 453 1218 CCXXXII.
492 1149 659 1235 Δράκων
684 1148 863 1237 ’Λθηναῖος
895 1153 1089 1238 νομοθέτης,
1140 1142 1238 1229 οὗτος
1270 1155 1318 1230 εἰς

177 1263 321 1340 Λίγιναν
350 1257 401 1324 ἐπὶ
429 1263 634 1345 νομοθεσίας
662 1256 915 1346 εὐφημούμενος
942 1255 1007 1326 ὑπὸ
1032 1262 1099 1326 τῶν
1125 1262 1318 1345 Λίγινητῶν

111 1412 114 1419 -
174 1363 211 1430 ἐν
231 1367 275 1454 τῷ
294 1365 436 1456 θεάτρῳ,
459 1367 707 1455 ἐπιρριφάντων
726 1365 815 1458 αὐτῷ
835 1368 887 1434 ἐπὶ
907 1366 968 1453 τὴν
986 1363 1136 1452 κεφαλὴν
1155 1365 1319 1444 πετάσους

135 1488 160 1527 ¹⁰
173 1476 329 1551 πλείονας
360 1473 415 1539 καὶ
448 1478 589 1560 χιτῶνας
619 1475 672 1541 καὶ
704 1474 830 1561 ἱμάτια,
862 1472 1044 1559 ἀπεπνίγη,
1076 1472 1131 1539 καὶ
1161 1474 1197 1540 ἐν
1226 1470 1317 1564 αὐτᾷ

140 1667 143 1672 Ι
174 1576 278 1663 ε’τάφη
302 1583 345 1668 τῷ
370 1579 512 1670 θεάτρῳ.
553 1582 669 1667 γέγονε
693 1580 730 1648 δὲ
753 1594 822 1660 τοῖς
845 1579 979 1667 χρόνοις
1001 1578 1082 1647 κατά
1106 1577 1184 1660 τοὺς
1208 1579 1235 1661 ζ’
1261 1600 1317 1646 σο-

173 1683 269 1769 φούς,
289 1680 309 1771 ἢ
329 1689 458 1772 μάλλον
477 1688 532 1754 καὶ
551 1687 786 1775 πρεσβύτερος·
804 1691 845 1776 τῇ
864 1691 949 1773 γοῦν
968 1686 1026 1755 λθ’
1043 1685 1222 1773 ὀλυμπιάδι
1237 1686 1318 1767 τοὺς

173 1790 299 1878 νόμους
318 1797 414 1861 ἔθετο
434 1794 571 1881 γηραιὸς
594 1791 642 1863 τόν
661 1810 731 1875 τοῖς
748 1794 948 1882 Ἀθηναίοις.
977 1800 1122 1881 ἔγραφεν
1140 1790 1317 1880 ὑποθήκας

173 1901 220 1976 εἰς
243 1903 303 1986 ἔπη
327 1908 499 1988 τρισχίλια.

133 2022 157 2063 1⁶
262 2007 467 2077 CCXXXIII.
501 2013 668 2097 Δράκων
688 2006 933 2093 Στρατονικεὺς
950 2007 1183 2093 γραμματικός.
1210 2035 1316 2094 τεχνι-

171 2112 229 2197 κά,
258 2112 510 2203 ὀρθογραφίαν,
540 2119 614 2203 περὶ
641 2122 709 2184 τῶν
733 2114 814 2183 κατά
840 2120 998 2201 συζυγίαν
1024 2112 1213 2201 ὀνομάτων,
1241 2117 1317 2201 περὶ

172 2217 406 2308 άντωννμιῶν,
426 2225 499 2310 περὶ
519 2225 660 2309 μέτρων,
678 2223 753 2308 περὶ
773 2222 937 2306 σατύρων,
956 2222 1030 2306 περὶ
1049 2224 1117 2287 τῶν
1136 2221 1316 2309 Πινδάρου

55 2370 81 2422 ,ο
170 2332 293 2416 μελῶν,
317 2331 391 2416 περὶ
415 2335 481 2399 τῶν
501 2334 666 2417 Σαπφοῦς
683 2332 823 2418 μέτρων,
846 2329 920 2414 περὶ
940 2331 1006 2396 των
1024 2325 1177 2396 Ἀλκαίου
1195 2333 1316 2415 μελῶν.

262 2437 463 2505 CCXXXIV.
492 2438 660 2522 Δράκων
675 2440 807 2517 υίιδοῦς
822 2433 1059 2520 Ἱπποκράτους
1072 2437 1134 2502 τοῦ
1148 2432 1315 2521 διασήμον

131 2560 157 2599 2⁰
172 2548 300 2629 ἰατροῦ,
315 2542 379 2612 άπὸ
395 2544 577 2630 Θεσσάλου,
594 2543 701 2631 πατὴρ
717 2543 753 2612 δὲ
762 2540 1011 2629 Ἱπποκράτους,
1026 2533 1067 2610 οὗ
1081 2541 1182 2609 πάλιν
1196 2543 1315 2627 γέγονε

171 2649 330 2737 Δράκων,
352 2651 465 2740 ίατρὸς
482 2653 537 2720 καὶ
557 2649 667 2736 αὐτός,
688 2648 724 2732 ὃς
733 2648 901 2738 Ῥωξάνην
921 2648 1072 2735 ίάτρευσε
1087 2651 1315 2717 συνοικοῦσαν
1336 2702 1396 2741 ,μὴ

167 2754 372 2851 Ἀλεξάνδρφ
396 2765 441 2852 τῷ
466 2759 650 2829 Μακεδόνι.

241 2901 362 2956 CCXXX
386 2901 502 2957 accessit
525 2920 558 2956 ex
582 2902 657 2956 Eud.
682 2920 708 2969 p.
734 2906 798 2969 239,
825 2902 955 2970 quoniam
980 2900 1091 2955 Suidam
1116 2901 1170 2954 hoc
1193 2898 1256 2954 loeo
1280 2916 1315 2954 ex

170 2982 318 3036 Damaseio
339 3000 390 3036 sua
409 2982 586 3051 descripsisse
606 2978 688 3034 docui
708 2981 817 3036 Unters.
837 3001 862 3050 p.
884 2988 924 3036 60.
962 2981 1002 3035 cf.
1022 3000 1046 3036 v.
1070 2979 1173 3041 Γέσιος.

242 3062 375 3116 CCXXXI
390 3061 509 3116 accessit
526 3078 559 3114 ox
575 3062 648 3115 Ειαλ.
665 3080 690 3130 p.
706 3067 767 3129 223,
782 3061 836 3115 nisi
850 3063 924 3128 quod
939 3062 989 3115 iIIa
1001 3061 1113 3130 scripsit
1123 3061 1222 3127 Δῶρις,
1238 3059 1314 3127 quod

170 3159 237 3197 corr.
260 3143 422 3206 Ηκλλινιακ,
443 3143 506 3196 Dur.
527 3143 559 3195 Ir.
575 3161 600 3210 p.
617 3149 641 3207 3,
668 3142 802 3197 It'esterm.
824 3142 886 3196 coll.
906 3142 981 3196 Suid.
1001 3161 1026 3195 v.
1047 3136 1175 3209 Λογκεδς
1194 3137 1312 3208 Σάμιος.

168 3222 285 3276 Falsarii
305 3223 392 3277 vitam
412 3239 471 3276 esse
487 3224 568 3292 putat
583 3222 668 3275 Ρκλολι
686 3240 713 3289 p.
726 3224 826 3276 Bonot.
856 3220 952 3275 Priora
969 3220 1054 3274 verba
1072 3236 1158 3290 usquo
1178 3219 1213 3273 ad
1228 3222 1313 3292 Λιβυ-

169 3298 221 3370 κὴν
240 3301 352 3356 fluxisse
376 3320 409 3356 ex
427 3302 521 3372 glossa
539 3298 646 3371 Λάμια,
671 3299 719 3354 ubi
739 3301 842 3367 Δοῦρις
866 3297 897 3355 ἐν
917 3298 944 3372 β’
965 3303 1095 3372 Λιβυκῶν
1114 3300 1245 3356 laudatur
1264 3300 1312 3368 (of.

170 3382 263 3438 SehoI.
278 3384 323 3438 Ar.
340 3384 422 3450 Vesp.
443 3388 519 3448 1035,
540 3381 619 3435 Phot.
640 3399 664 3435 v.
682 3375 789 3449 Λάμια,
809 3382 921 3434 Taetzes
941 3381 976 3435 ml
991 3381 1054 3448 Lyc.
1070 3387 1131 3445 847,
1150 3380 1235 3435 schol.
1254 3383 1311 3436 vet.

168 3461 197 3516 in
217 3464 282 3531 Lyc.
302 3468 353 3517 848
374 3462 416 3519 ed.
436 3462 549 3523 Kinkelt
568 3459 705 3527 verbaque
730 3459 778 3513 καὶ
798 3455 940 3527 Περσικὴν
958 3459 1083 3514 infirmae
1102 3461 1166 3513 fidei
1191 3477 1249 3514 esse
1269 3462 1312 3513 at-

169 3560 222 3611 que
241 3544 358 3597 fortasse
382 3562 415 3597 ex
430 3543 530 3611 Dionis
555 3542 613 3595 vita
635 3539 808 3609 immigrasse
831 3557 887 3594 non
908 3541 1038 3608 probavit
1058 3542 1147 3595 Daui).
1186 3539 1313 3594 Titulum

169 3618 278 3691 Λιβυκά
294 3626 401 3690 partem
418 3622 552 3675 historiae
563 3620 727 3688 Agathoclis
741 3619 896 3688 significare
913 3620 986 3686 (coll.
998 3620 1083 3673 sehoI.
1095 3619 1179 3673 Arist.
1191 3644 1223 3663 ==
1233 3619 1265 3672 fr.
1278 3626 1313 3673 35

64 3705 68 3711 '
169 3699 293 3766 Miller),
318 3698 442 3766 Περσικά
466 3703 574 3769 partem
595 3699 777 3752 Macedonum
796 3697 943 3763 historiae,
967 3716 1023 3766 qua
1046 3699 1150 3752 boilum
1170 3699 1312 3753 Persicum

149 3785 311 3835 :narratum
336 3781 432 3846 fuerit,
456 3781 595 3848 sagaciter
618 3779 758 3847 perspexit
777 3780 943 3833 Gutsohmid.
982 3778 1109 3832 Ceterum
1135 3779 1234 3833 Siridas
1258 3781 1313 3834 hoo

168 3864 229 3917 Ioco
248 3861 361 3915 exhibet
380 3859 499 3927 glossam
522 3860 638 3924 Δοῦρις,
663 3854 752 3926 ὄνομα
771 3859 902 3924 ποιητοῦ,
926 3876 996 3927 quae
1017 3861 1127 3927 spectat
1144 3860 1178 3912 ad
1199 3861 1313 3928 poetam

169 3941 289 3996 Elaitem
310 3941 354 4005 (of.
376 3940 472 4008 Steph.
492 3939 556 4007 Byz.
575 3959 601 3994 v.
616 3936 749 4006 Ἔφεσος,
769 3938 852 3991 Anth.
874 3938 930 3991 Pal.
951 3939 1002 4004 IX,
1022 3943 1084 4007 424)

240 4020 387 4076 CCXXXII
408 4036 460 4073 orn.
479 4020 613 4074 It'esterm.
647 4020 687 4074 ef.
708 4016 799 4083 Daub,
821 4016 897 4070 Stud.
913 4036 940 4086 p.
957 4024 1007 4072 106
1098 4013 1258 4085 λΔράκων
1277 4050 1312 4059 -

168 4099 310 4168 ἀπεπνίγη
329 4100 475 4168 descripsit
496 4100 740 4168 Pseudo-Hospes.
761 4114 782 4149 ο.
803 4103 836 4149 22
905 4104 921 4152 8
940 4093 995 4151 ὑπὸ
1015 4118 1037 4151 τ.
1057 4096 1115 4166 Λίη.
1135 4103 1314 4153 accesserunt

169 4203 202 4240 ex
221 4189 244 4236 A
264 4183 327 4236 Hes,
348 4198 401 4235 om.
422 4180 469 4233 reI.
539 4187 554 4232 9
574 4177 676 4247 σκευήν
695 4184 717 4231 V
793 4183 821 4229 11
844 4176 877 4230 cf.
897 4195 921 4229 v.
944 4181 1080 4241 Τυρταῖος

241 4259 401 4317 CCXXXIII
416 4259 490 4312 Euri.
506 4277 530 4326 p.
543 4265 592 4310 ¹231
634 4263 665 4311 15
680 4257 804 4326 γέγραφε
817 4274 869 4322 τεχ.
881 4255 956 4310 Euo.
998 4260 1029 4307 18
1040 4258 1112 4307 Σαπ.
1125 4256 1216 4323 μελῶν
1226 4258 1312 4313 Παιιδ

241 4340 398 4396 CCXXXIV
418 4337 492 4390 Euo.
513 4354 539 4404 p.
559 4342 611 4389 224
686 4342 717 4388 19
736 4332 943 4403 διασημοτάτου
963 4334 1036 4388 Eud.
1109 4340 1144 4387 20
1163 4331 1219 4390 άπό
1241 4341 1311 4392 Θεσ-

170 4421 255 4479 οάλου
276 4454 308 4462 -
329 4414 448 4486 Δράκων
467 4433 520 4470 om.
541 4415 617 4468 Eud.
681 4411 827 4479 πατρόςθ
895 4420 928 4466 22
947 4414 984 4486 τῷ
1006 4410 1183 4467 Μακεδόνων
1203 4417 1316 4487 βασιλεῖ

170 4507 245 4560 Erat.
283 4503 324 4557 cf.
344 4500 443 4555 Suidas
462 4516 486 4552 v.
503 4491 686 4564 Ἱπποκράτης
705 4493 835 4560 τέταρτος
