3036 5114
206 315 270 381 218
673 322 886 381 HESYCHIUS.

292 481 494 552 Dcccvssl.
543 489 716 571 Τρωίλος
751 484 927 574 σοφιστής,
963 487 1146 570 παιδεύσας
1181 494 1218 558 ἐν
1253 498 1363 562 Κων-

204 593 383 656 σταντίνου
405 589 509 659 πόλει.
554 593 675 678 λόγους
698 592 904 679 πολιτικούς,
928 596 1110 687 ἐπιστολήν
1133 603 1249 684 βιβλία
1275 599 1314 682 ζ’.

212 715 215 719 ’
292 696 460 766 DOOOIX.
502 706 735 787 Τυραννίων
755 699 989 790 Ἑπικρατίδου
1014 704 1069 771 καὶ
1093 708 1235 785 Δινδίας
1264 702 1359 776 'Ate-

204 804 396 892 ξανδρίυης,
419 808 607 896 Δμισηνός,
631 808 821 896 ἐχρημάτιζε
840 809 878 878 δέ
901 809 1102 898 Κορύμβου,
1127 812 1275 899 γεγονὼς
1298 814 1357 882 ἐπὶ
1388 856 1445 899 Μ,

176 918 383 999 5Πομπηίον
414 919 475 984 τοῦ
507 919 654 1004 μεγάλου
685 917 741 983 καὶ
775 916 956 1004 πρότερον,
988 916 1139 1005 μαθητής
1171 917 1286 987 ἄλλων
1316 947 1357 990 τε

201 1021 257 1087 καί
279 1019 449 1091 Ἑστιαίου
480 1029 540 1093 τοῦ
571 1023 768 1112 Ἀμισηνοῦ,
797 1022 859 1111 ὑφ’
886 1015 927 1092 ού
954 1025 1009 1093 καλ
1038 1031 1236 1114 Τυραννίων
1264 1025 1356 1098 eive·

6 1122 53 1135 ”’
89 1128 92 1133 “
202 1127 316 1216 μάσθη
342 1127 387 1210 ὡς
409 1133 617 1221 κατατρέχων
635 1136 702 1200 τῶν
727 1129 934 1219 ὁμοσχόλων,
956 1132 1121 1225 πρότερον
1142 1133 1356 1222 καλούμενος

201 1234 424 1329 (θεόφραστος.
471 1237 540 1306 είτα
580 1238 738 1325 διήκουσε
769 1239 825 1307 καὶ
851 1244 1039 1308 Διονυσίου
1061 1243 1123 1307 τού
1152 1240 1283 1331 Θρᾳκὸς
1311 1244 1354 1313 ἐν

195 1338 311 1435 Ῥόδω.
358 1343 635 1433 άντεσοφίστευσε
664 1346 702 1417 δέ
733 1351 914 1438 Δημητρίῳ
941 1349 987 1439 τῷ
1013 1344 1212 1439 Ἑρνθραίςο.
1257 1347 1352 1440 ἤχθη

164 1472 190 1512 1⁰
204 1449 241 1518 δὲ
274 1455 320 1531 είς
346 1449 477 1541 Ῥώμην
510 1455 651 1542 ληφθεὶς
684 1454 891 1542 αἰχμάλωτος
921 1451 987 1522 ὑπὸ
1021 1454 1255 1543 Λουκούλλου,
1293 1455 1352 1527 ὅτε

199 1561 442 1647 κατεπολέμησε
472 1560 692 1648 Μιθριδάτην
718 1560 778 1629 τὸν
806 1560 943 1629 Πόντου
970 1563 1223 1647 βασιλεύσαντα.
1277 1569 1352 1635 δια-

199 1663 325 1752 πρεπής
358 1666 394 1734 δὲ
427 1668 608 1756 γενόμενος
639 1670 677 1736 ἐν
699 1667 807 1758 Ῥώμη
838 1669 893 1736 καί
921 1668 1081 1750 πλούσιος
1110 1670 1267 1759 ἐκτήσατο
1292 1675 1352 1742 καὶ

198 1776 340 1858 βιβλίων
372 1771 456 1863 ὑπὲρ
486 1775 544 1857 τὰς
575 1788 662 1863 τρεῖς
692 1775 865 1864 μυριάδας.
916 1776 1103 1864 ἐτελεύτησε
1131 1778 1169 1847 δὲ
1196 1781 1351 1868 γηραιός,

201 1877 266 1950 ύπό
296 1882 467 1972 ποδάγρας
493 1890 715 1974 παραλυθείς,
747 1880 929 1971 ὀλυμπιάδι
958 1883 1048 1972 ρπη’,
1077 1885 1115 1952 ἐν
1143 1889 1189 1978 τῷ
1216 1886 1252 1973 γ’
1282 1892 1350 1955 ἐτει

163 2012 188 2053 ιι
201 1993 259 2077 τής
282 1989 497 2080 ὀλυμπιάδος.

287 2101 440 2170 DOOCX.
480 2105 713 2189 Τυραννίων
736 2096 755 2167 δ
779 2095 951 2186 νεώτερος,
976 2102 1106 2185 Φοίνιξ,
1129 2098 1254 2188 πατρὸς
1273 2096 1348 2187 Ἀρ-

197 2206 397 2296 τεμιδιύρου,
423 2208 577 2296 μαθητής
602 2212 841 2295 Τυραννίωνος
862 2210 924 2274 τοῦ
945 2207 1189 2295 πρεσβυτέρου,
1213 2206 1267 2274 διὸ
1291 2207 1350 2276 καὶ

138 2368 140 2371 ,
198 2311 384 2403 ὠνομάσθη
412 2321 626 2402 Τυραννίων,
654 2313 818 2401 πρότερον
844 2311 1051 2400 καλούμενος
1075 2318 1230 2401 Διοκλῆς.
1275 2319 1348 2402 αίχ-

196 2420 348 2506 μάλωτος
371 2422 408 2490 δὲ
431 2422 611 2510 γενόμενος
633 2422 687 2489 καὶ
712 2418 815 2500 αὐτὸς
838 2420 891 2487 ἐπὶ
915 2424 977 2489 τοῦ
1002 2423 1149 2507 πολέμου
1165 2418 1349 2491 Ἀντωνίου
1376 2452 1441 2493 ιλιι

158 2550 185 2590 κο
199 2527 254 2594 καλ
285 2535 456 2618 Καίσαρος
486 2528 552 2599 ὑπό
585 2556 678 2610 τινος
706 2529 885 2616 Δύμαντος
916 2526 1050 2615 ὠνήθη,
1082 2533 1143 2596 τοῦ
1174 2533 1349 2617 Καίσαρος

199 2632 297 2717 ὄντος
320 2635 567 2727 ἀπελευθέρου,
592 2636 661 2706 εἶτα
685 2638 842 2723 ἐδωρήθη
871 2641 1027 2725 Τερεντίᾳ
1050 2640 1089 2724 τή
1113 2640 1174 2705 τοῦ
1199 2638 1347 2723 Κικέρω-

198 2770 257 2824 νος
289 2753 431 2832 γυναικί.
483 2745 725 2835 ἐλευθερωθεὶς
759 2743 797 2812 δέ
824 2740 880 2811 ὑπ’
911 2739 1013 2830 αύτής
1040 2745 1277 2828 ἐσοφίστευσεν
1307 2746 1346 2813 ἐν

193 2849 301 2943 Ῥώμη
324 2855 379 2923 καλ
404 2860 526 2942 ἔγραψε
550 2860 662 2941 βιβλία
686 2850 768 2939 πρὸς
788 2850 822 2938 η’
841 2851 896 2918 καὶ
922 2848 960 2937 ξ’,
985 2841 1034 2917 ὧν
1054 2851 1109 2917 καὶ
1127 2854 1243 2919 ταῦτα·
1268 2853 1347 2938 περὶ

195 2964 253 3046 τής
271 2958 448 3049 Ὁμηρικῆς
470 2965 676 3051 προσῳδίας,
705 2957 779 3046 περὶ
803 2962 871 3025 τῶν
894 2960 1006 3044 μερῶν
1029 2961 1089 3024 τοῦ
1114 2957 1218 3042 λόγου
1241 2960 1292 3046 (ἐν
1318 2950 1348 3051 pi

266 3128 424 3184 DCCCVIII
443 3128 577 3185 Eiusdem
595 3128 724 3185 meminit
740 3129 877 3194 Socrates,
896 3126 968 3180 Hiet.
983 3125 1049 3180 ecel.
1065 3126 1111 3193 vl,
1126 3132 1142 3180 6
1157 3129 1185 3181 et
1199 3126 1260 3194 VII,
1276 3133 1289 3182 1
1312 3131 1344 3184 et

195 3213 238 3278 27,
256 3208 374 3265 fortasse
394 3209 489 3280 Synee.
509 3228 552 3280 ep.
571 3216 619 3276 26,
638 3215 686 3277 73,
705 3217 747 3276 90,
769 3213 818 3264 128
838 3209 873 3263 al.
911 3207 953 3261 De
976 3207 1035 3262 eius
1060 3208 1152 3262 aetate
1173 3207 1208 3261 ef.
1231 3208 1344 3277 Miller,

194 3288 226 3345 fr.
242 3290 306 3346 hiet.
322 3290 359 3345 1v
373 3310 400 3362 p.
416 3298 444 3359 43
466 3291 571 3346 erravit
589 3288 662 3344 enim
681 3287 814 3357 eodinus,
834 3289 869 3343 de
888 3288 956 3358 orig.
972 3288 1066 3343 Conet.
1081 3307 1108 3357 p.
1127 3293 1159 3342 18
1177 3289 1274 3358 Bonn.,
1294 3290 1345 3358 qui

194 3386 259 3426 eum
278 3371 456 3429 Constantini
475 3371 570 3441 Magni
590 3370 736 3442 aequalem
755 3370 840 3424 fuisse
858 3369 978 3423 tradidit

266 3453 398 3510 DCCCIX
426 3453 467 3509 cf.
488 3453 599 3508 Clinten
618 3452 657 3507 111
676 3471 703 3522 p.
720 3455 783 3519 165;
802 3449 916 3516 Plener‚
935 3449 971 3503 de
989 3449 1109 3519 Tyrenn.
1128 3464 1246 3518 gramm.
1267 3449 1342 3517 (Ber.

196 3538 287 3604 1852);
311 3536 405 3603 Dant,
425 3535 502 3590 Stud.
522 3553 549 3604 p.
566 3539 624 3587 102.
661 3532 703 3587 De
724 3533 817 3586 aetate
842 3529 970 3585 consulas
989 3527 1081 3596 Diels,
1100 3526 1222 3601 Dorrogr²
1241 3544 1269 3597 p.
1290 3535 1344 3584 216

193 3617 251 3669 not.
268 3620 291 3668 3.
330 3615 424 3669 Peuce
448 3614 586 3684 excerpsit
605 3612 849 3682 Ρεικιίο-Ηιεγιίι.
870 3627 892 3664 ο.
908 3614 941 3663 68
1019 3615 1034 3662 1
1058 3604 1205 3678 Ἐμισηνός
1223 3609 1342 3679 Ηεεγιλι.

192 3690 349 3763 ’λμινσηνύς
367 3700 413 3747 BE
433 3692 582 3768 Κόρομβος
601 3693 702 3749 maluit
723 3693 845 3763 Τοιιγίασ
922 3684 1137 3757 ὅπρότερουΔ
1219 3687 1295 3743 9ολ
1315 3709 1343 3748 ν.

195 3779 273 3831 Διον.
294 3774 372 3846 Θρᾷξ
436 3774 470 3828 de
489 3773 632 3830 Demetrio
652 3775 685 3829 cf.
705 3773 806 3826 Mtiller
824 3771 862 3824 IV
881 3790 908 3840 p.
925 3775 989 3835 381;
1009 3770 1136 3824 Amisum
1156 3787 1181 3824 e.
1203 3775 1254 3823 684
1273 3786 1298 3824 a.
1314 3788 1342 3826 u.

193 3855 381 3925 expugnatam
400 3871 459 3910 esee
479 3856 600 3921 conetet3
620 3857 743 3909 ceterum
763 3872 787 3907 v.
802 3848 1000 3918 Wechemuth,
1021 3849 1115 3917 Symb.
1135 3867 1161 3918 p.
1179 3854 1229 3903 142

195 3940 225 3990 11
247 3938 313 4005 poet
331 3931 537 4005 βασιλεύσαντα
556 3935 623 3990 elim
642 3933 705 3990 add.
725 3933 810 3988 fuisse
834 3928 894 3986 εἶτα
918 3926 1029 3999 ἠφείθη
1051 3926 1100 3983 διὰ
1120 3926 1171 3998 τήν
1191 3930 1342 3985 παίδευσιν

193 4016 278 4071 Daub
298 4015 360 4070 coll.
381 4034 407 4071 v.
423 4012 470 4070 ’AL
486 4021 561 4086 Μελ,
580 4013 719 4084 Παρθέν,
740 4019 806 4082 Τνρ.
826 4012 923 4076 Φοῖνιξ
992 4016 1025 4064 14
1044 4009 1092 4078 ρκ’
1112 4012 1261 4079 Καείονυε,
1281 4009 1341 4081 ριη’

194 4101 309 4165 Am,
328 4096 419 4164 quode
439 4098 474 4152 cf.
489 4099 601 4154 clinten
617 4098 654 4151 111
673 4114 699 4166 p.
717 4098 766 4149 185
782 4089 826 4161 ρκ’
842 4093 913 4161 vulp.
934 4087 1003 4161 ρπη’
1021 4091 1065 4146 vel
1080 4088 1142 4160 ροη’
1157 4093 1338 4162 Βινκλιονιῐγς

195 4178 265 4233 illud
285 4176 388 4248 probat
406 4177 491 4231 Daui

264 4257 383 4313 Dcccx
401 4257 442 4311 cf.
457 4256 569 4311 Clinton
584 4275 610 4325 p.
621 4264 686 4323 227;
704 4257 812 4324 Rohde,
826 4256 895 4309 Mus.
911 4256 999 4310 lthen.
1011 4254 1112 4309 XXXV
1127 4272 1153 4323 p.
1164 4260 1233 4322 4703
1248 4254 1340 4322 Daub,

194 4339 272 4394 siud.
292 4344 386 4408 p103
442 4339 477 4390 18
496 4334 536 4390 cf.
552 4333 736 4391 Waehsmuth
755 4338 773 4392 l.
794 4354 816 4394 e.
873 4342 904 4388 19
924 4336 1075 4404 Πομπηίου
1093 4351 1143 4403 pro
1161 4328 1225 4387 Ἀντ.
1243 4333 1338 4402 Daue,

193 4417 273 4473 stud.
292 4438 319 4488 p.
340 4423 389 4474 104
474 4422 508 4472 23
532 4414 572 4471 eie
591 4420 641 4469 ΔΤ
659 4413 689 4484 η’
708 4413 779 4484 πρὸς
802 4422 860 4478 τοῖς
878 4411 904 4481 ξ’
925 4417 997 4485 vulp.
1023 4409 1125 4469 ἑκατὸν
1148 4413 1197 4469 καλ
1215 4409 1242 4480 ξ’
1268 4415 1341 4470 coni.

193 4498 360 4570 Βανάιανδγ
378 4497 406 4568 ρ’
426 4495 496 4567 πρὸς
514 4493 543 4568 η’
564 4497 612 4552 καί
631 4492 657 4563 ξ’
678 4496 765 4551 Daub
