3036 5114
608 352 823 408 HESYCHIUS.
1223 351 1286 414 163

143 514 456 599 νόασιςἩροδότου
469 521 530 584 τοῦ
546 519 716 603 ἱστορικοῦ
731 517 921 602 έξάδελφος·
941 517 1057 601 γέγονε
1072 510 1136 602 γάρ
1153 512 1286 582 Πανύα-

142 644 193 703 σις
235 624 452 712 Πολυάρχου,
490 621 507 692 ὁ
546 625 583 691 δὲ
614 622 796 706 Ἡρόδοτος
831 621 944 704 Λύξου
982 625 1042 690 τοῦ
1085 621 1288 708 Πολυάρχου

142 730 301 817 ἀδελφοῦ.
341 732 429 810 τινὲς
457 731 494 799 δέ
518 729 559 798 οὐ
584 730 712 816 Λύξην,
742 728 825 797 άλλά
843 728 939 798 Ῥοιώ
963 728 1024 816 τὴν
1048 733 1172 817 μητέρα
1190 727 1288 815 Ἡρό-

142 838 246 906 δότου
260 838 478 918 Πανυάσιδος
496 822 648 924 άδελφίγν
667 836 858 923 ἱστόρησαν.
886 834 904 904 δ
924 836 961 904 δὲ
976 835 1152 916 Πανύασις
1172 838 1288 922 γέγονε

141 943 223 1012 κατὰ
246 943 308 1031 τὴν
333 944 386 1032 οη’
411 943 613 1031 ὀλυμπιάδα,
637 941 719 1010 κατά
743 945 783 1010 δέ
802 971 896 1023 τινας
918 947 1029 1035 πολλῷ
1052 944 1315 1031 πρεσβύτεροςε

40 1085 99 1126 su
142 1053 196 1119 nal
219 1051 283 1139 γάρ
307 1044 349 1139 ἦν
372 1053 424 1120 έπὶ
443 1058 510 1119 τῶν
530 1054 716 1138 Περσικῶν.
757 1049 909 1139 ἀνῃρέθη
930 1051 966 1119 δέ
985 1049 1050 1119 ὑπὸ
1072 1051 1290 1138 Λυγδάμιδος

141 1164 202 1227 τοῦ
230 1166 345 1247 τρίτου
373 1156 644 1246 τυραννήσαντος
670 1155 942 1246 Ἁλικαρνασσοῦ.
997 1162 1034 1227 έν
1068 1158 1106 1226 δέ
1137 1172 1289 1244 ποιηταῖς

142 1266 290 1334 τάττεται
314 1264 391 1354 μεθ’
410 1264 567 1353 Ὅμηρον,
591 1263 673 1333 κατά
697 1267 736 1332 δέ
756 1291 849 1345 τινας
872 1267 927 1332 καὶ
950 1264 1029 1353 μεθ’
1050 1263 1210 1334 Ἡσίοδον
1233 1266 1288 1332 καὶ
1319 1278 1323 1327 “.

140 1371 345 1461 Ἀντίμαχον.
393 1380 515 1461 ἔγραψε
543 1373 580 1441 δέ
607 1373 662 1440 καὶ
681 1371 903 1459 Ἡρακλειάδα
920 1375 968 1440 -έν
994 1380 1137 1459 βιβλίοις
1159 1374 1220 1457 ιδ’,
1244 1378 1289 1453 είς

26 1498 35 1505 ”
69 1473 95 1491 ”
144 1491 203 1567 ἔπη
229 1492 277 1572 β,
299 1480 429 1549 Ἰωνικά
453 1485 490 1549 έν
512 1482 723 1574 πενταμέτρῳ
747 1481 831 1571 (ἔστι
856 1481 893 1548 δέ
915 1479 954 1547 τά
977 1481 1053 1567 περὶ
1072 1481 1211 1568 Κόδρον
1234 1480 1354 1577 καὶιο,
1388 1516 1453 1556 ,μς

143 1593 259 1676 Νηλέα
282 1590 337 1655 καὶ
360 1586 418 1668 τὰς
438 1585 586 1666 Ἰωνικὰς
605 1584 771 1676 άποικίας)
796 1593 842 1667 είς
861 1592 921 1674 ἔπη
947 1595 984 1679 ,ζ

233 1697 410 1764 DOXVlII.
452 1695 659 1775 Πανύασις
684 1693 963 1782 Ἁλικαρνασσεὺς
990 1695 1163 1784 νεώτερος,
1194 1695 1288 1782 φιλό-

146 1824 259 1890 σοφος.
303 1805 378 1891 περὶ
402 1801 544 1890 ὀνείρων
567 1807 680 1889 βιβλία
702 1802 747 1886 β’.

232 1913 376 1980 DOXIX.
415 1911 623 1997 Πάξαμος.
639 1964 645 1978 .
661 1965 667 1977 .
683 1909 804 1997 λόγιος.
847 1909 1064 1997 Ὀψαρτυτικὰ
1092 1910 1174 1979 κατά
1203 1931 1288 1978 στοι-

142 2034 245 2107 χεῖον,
274 2016 437 2086 Βοιωτικὰ
467 2020 503 2086 έν
527 2023 670 2104 βιβλίοις
691 2016 737 2103 β’,
764 2018 1024 2106 Δωδεκάτεχνον
1048 2022 1131 2107 (ἔστι
1155 2017 1192 2086 δέ
1215 2017 1288 2104 περὶ
1305 2039 1329 2079 1⁵

144 2130 292 2213 αἰσχρῶν
316 2125 520 2213 σχημάτων),
543 2123 677 2211 Βαφικά
700 2129 814 2211 βιβλία
837 2123 883 2211 β’,
907 2125 1078 2214 Γεωργικὰ
1101 2125 1145 2212 β’.

233 2235 360 2302 DCXX.
398 2229 805 2317 ΠάπποςἉλεξανδρεδς
829 2232 1025 2321 φιλόσοφος,
1043 2233 1190 2321 γεγονὼς
1206 2229 1288 2299 κατδ

43 2342 101 2375 ’‘²'‘
143 2340 202 2408 τὸν
236 2340 462 2428 πρεσβύτερον
489 2340 675 2408 Θεοδόσιον
703 2338 764 2409 τὸν
796 2343 949 2426 βασιλέα,
983 2340 1037 2410 ὅτε
1068 2343 1123 2408 καὶ
1152 2342 1246 2408 Θέων
1269 2337 1317 2406 si·-

144 2450 330 2535 φιλόσοφος
348 2446 502 2535 ἤκμαζεν,
523 2446 540 2515 δ
563 2447 694 2535 γράψας
707 2452 754 2526 είς
772 2445 832 2514 τὸν
848 2455 1060 2536 Πτολεμαίου
1074 2448 1211 2517 κανόνα.
1238 2453 1288 2534 βι-

143 2561 219 2640 βλιά
243 2556 280 2623 δὲ
303 2554 425 2623 αὐτοῦ·
455 2559 680 2641 Χωρογραφία
709 2554 937 2641 οίκουμενική,
970 2560 1018 2635 είς
1044 2554 1084 2623 τὰ
1112 2554 1146 2621 δ’
1175 2559 1288 2640 βιβλία
1303 2578 1346 2623 ²01

144 2667 201 2749 τῆς
231 2669 444 2750 Πτολεμαίου
476 2661 619 2749 μεγάλης
649 2660 846 2742 Συντάξεως
879 2659 1075 2749 ὑπόμνημα,
1109 2658 1289 2748 Ποταμοὺς

145 2769 224 2848 τοὺς
248 2771 285 2836 έν
308 2768 435 2859 Λιβύη,
454 2769 461 2859 Ι
478 2766 741 2856 Όνειροκριτικά.
762 2767 768 2857 Ι

217 3000 233 3046 2
248 2989 342 3051 Ξόλου
352 3000 375 3046 V
430 2999 446 3046 3
464 2989 539 3055 τινὲς
554 2988 585 3045 δὲ
601 3021 635 3030 -
650 2990 796 3059 Περσικῶν
812 3008 864 3046 om.
875 2997 898 3043 V
910 2989 985 3055 τινες
999 2990 1031 3048 δὲ
1048 2989 1082 3048 οὔ
1096 2996 1179 3048 θεῖον
1193 2989 1288 3062 Λόξην

145 3073 216 3127 coni.
234 3072 406 3140 θνλειλιοιίιλ,
425 3091 476 3144 pro
491 3068 569 3128 Ῥοιιό
588 3072 694 3142 legitur
711 3069 794 3140 Δροιό
813 3089 838 3126 v.
854 3068 1003 3140 Ἡρόδοτος
1084 3081 1101 3128 4
1120 3071 1288 3142 Πολυάρχου

144 3170 195 3223 pro
211 3152 401 3220 Πανυόοιδος,
421 3153 492 3209 coni.
508 3154 597 3223 Πιγεο
652 3159 668 3205 5
686 3147 720 3206 οό
735 3153 825 3223 πολλῷ
840 3153 925 3208 Πανί)
939 3155 1030 3228 πολλῷ
1047 3186 1079 3195 -
1094 3149 1129 3225 ἦν
1144 3174 1197 3211 om.
1212 3155 1288 3208 Eud.

146 3230 373 3303 7“λλικαρναιιοῦ
392 3241 415 3287 V
489 3234 652 3289 8τὲτατται
670 3237 694 3284 Δ
775 3230 846 3288 κατά
867 3233 899 3289 δὲ
921 3266 954 3274 -
972 3231 1067 3306 Ἀντίμ.
1087 3235 1116 3290 in
1135 3241 1158 3287 V
1176 3235 1288 3294 subfin,

145 3313 207 3368 add.
281 3322 297 3369 9
317 3311 354 3377 άις
374 3314 426 3384 έπη
447 3316 521 3370 Eud.
596 3320 625 3368 11
647 3314 696 3382 τῆς
713 3309 835 3384 Ἰωνικῆς
854 3320 958 3370 temere
977 3318 1048 3370 coni.
1068 3318 1157 3386 Πσγετ

215 3394 352 3449 DCXVlll
373 3413 427 3452 om.
445 3395 580 3449 λλίελιικα.
614 3394 743 3450 Meminit
761 3396 929 3450 Artemidor.
948 3394 969 3461 Ι,
989 3401 1005 3448 2
1025 3398 1054 3449 ot
1072 3396 1106 3462 ll,
1126 3402 1159 3449 35

216 3475 328 3530 DCXIX
347 3494 401 3534 om.
418 3476 554 3530 ll'ealerm.
585 3474 624 3529 cf.
644 3475 745 3529 Mlillsr
759 3477 798 3530 IV
816 3494 843 3545 p.
858 3482 918 3530 472.
951 3476 1079 3530 Fortasse
1098 3476 1135 3530 ab
1149 3476 1287 3545 Hesychio

143 3543 244 3609 aliena.
282 3555 322 3611 Cf.
343 3557 443 3611 Athen.
464 3555 500 3608 IX
519 3573 545 3624 p.
561 3560 626 3620 376,
647 3553 746 3609 Pollux
766 3556 803 3609 Vl
823 3575 845 3612 o.
867 3564 913 3624 1⁰3
936 3556 1061 3612 Boisson.
1082 3560 1133 3610 An.
1154 3558 1163 3609 l
1183 3574 1211 3626 p.
1226 3562 1287 3623 413,

144 3634 317 3703 Volkmann,
337 3635 429 3706 Symb.
450 3655 476 3705 p.
493 3641 543 3690 719
629 3641 660 3688 14
683 3632 776 3704 λόγιος
800 3637 834 3691 of.
852 3631 1011 3706 Ἕρμιππος
1031 3634 1172 3705 Βηρότιος.
1196 3633 1289 3706 λόγιος

145 3714 256 3785 σφόδρα
272 3721 300 3772 el
314 3714 427 3779 Νάννος
437 3748 471 3758 -
481 3712 654 3786 λογιώτατος.
675 3714 705 3769 si
717 3717 893 3786 llosyohinna
907 3719 957 3784 est,
973 3717 1102 3771 lacunam
1116 3719 1181 3771 ante
1196 3714 1289 3787 λόγιος

144 3797 250 3852 indicos
269 3799 389 3867 oportet.
424 3796 548 3866 ἔγραψεν
567 3799 632 3866 post
650 3793 743 3866 λόγιος
762 3814 815 3852 om.
830 3803 893 3868 VB,
913 3796 1047 3868 expunxit
1063 3799 1230 3869 Bernhardy

147 3884 179 3933 15
199 3873 337 3932 Βοιωτικά
356 3880 385 3930 st
399 3875 472 3931 infra
487 3874 601 3945 Βαφικά
616 3895 689 3946 susp.
705 3878 887 3949 Βιταλιατδγο
903 3874 1023 3932 Βιωτικά
1039 3879 1140 3933 maluit
1153 3880 1288 3933 Ποντίαν·

144 3959 252 4024 alisius,
278 3955 435 4011 Βοιωτιακά
456 3958 570 4023 Μιίλλιν,
593 3956 637 4011 oui
660 3956 779 4012 historia
802 3958 984 4012 Romanensis
1007 3959 1091 4013 fuisse
1114 3959 1236 4028 videtur,
1260 3962 1290 4014 ot

145 4038 304 4106 argumenti
319 4037 430 4105 quidem
446 4037 630 4106 pasdemlioi
645 4041 776 4093 mononis
792 4038 988 4105 θιιίεαλεωίδίο,
1004 4039 1046 4093 ila
1059 4042 1092 4093 ul
1105 4039 1200 4095 omnia
1213 4043 1289 4094 reolo

145 4135 174 4171 ss
192 4116 326 4184 habeant3
345 4116 420 4169 idom
435 4112 575 4186 γεωργικά
590 4113 618 4175 ς’
639 4119 833 4190 corrigendum
850 4135 911 4173 esso
925 4119 1004 4186 vidit,
1024 4137 1087 4174 oum
1106 4121 1135 4174 in
1149 4121 1288 4190 fragmen-

144 4196 181 4250 tis
201 4197 352 4250 etiamnum
372 4195 401 4250 in
420 4195 588 4267 Geoponiois
607 4198 725 4253 servatis
745 4201 816 4255 libor
834 4201 934 4255 tertius
952 4201 1083 4256 laudetur

112 4293 121 4300 ‘
215 4275 314 4330 DCXX
333 4276 408 4330 Ειιιλ
429 4296 455 4346 p.
471 4283 522 4332 604
597 4284 629 4333 18
648 4279 764 4349 βασιλέα
785 4283 867 4336 Θεοδ.
886 4298 951 4351 pars
971 4282 1050 4336 codd.
1070 4285 1100 4336 et
1117 4281 1192 4334 End.
1280 4293 1282 4297 ’

144 4363 177 4409 21
199 4353 348 4426 Ποταμοάς
372 4358 401 4410 el
416 4354 515 4426 Ὀνειρ.
534 4362 653 4428 suspect.
673 4361 869 4432 Bersehordyo,
892 4361 940 4430 qui
963 4361 1157 4416 collectionem
1181 4360 1288 4416 maihe-

145 4437 277 4491 malionm
301 4437 412 4491 silentio
435 4439 662 4507 praetermissam
685 4442 810 4498 miratur,
840 4436 1058 4514 Ὀνειροιιριτιιιά
1085 4442 1168 4496 alteri
1190 4444 1287 4513 Pappo

143 4516 243 4572 tribuit
263 4518 425 4573 (ιίιίειλιυιίιλ

1024 4616 1076 4672 11*
