3036 5114
243 332 306 388 XIV
674 335 957 392 Pnonnuonnus.

158 500 178 577 ἓ
196 499 218 562 4
330 494 393 562 Sed
416 501 546 580 praeter
568 499 825 584 epitomatorem,
848 501 904 586 qui
928 500 1056 566 saeculo
1076 501 1214 585 septimo
1232 501 1390 586 Hesychii

241 627 323 689 opus
346 610 380 669 in
403 605 533 670 brevius
557 607 674 691 coegit,
698 607 781 672 alius
800 608 957 692 lacunam,
980 630 1076 692 quam
1096 608 1129 672 in
1149 609 1388 694 Onomatologo

241 711 332 777 hiare
352 712 522 795 intellexit,
541 713 742 797 supplevisse
760 714 897 797 videtur,
916 715 1028 779 stilum
1042 714 1282 798 Hesychianum
1303 716 1389 780 haud

241 819 442 904 ineleganter
465 819 622 884 imitatus.
664 818 737 887 Huc
760 820 864 885 refero
888 821 974 885 vitas
997 820 1113 886 Basilii
1138 822 1389 907 Irenopolensis,

241 925 380 990 fortasse
395 925 568 1011 Hippolyti
587 927 731 1012 episcopi
746 925 843 1012 (quae
858 950 936 993 num
950 930 1159 1014 neglegenter
1175 951 1214 994 ex
1228 928 1388 1014 Sophron.

241 1055 268 1099 c.
282 1034 323 1098 61
349 1038 498 1118 excerpta
522 1034 579 1118 sit,
607 1034 739 1099 dubium
748 1030 784 1119 ¹),
806 1032 939 1099 Ioannis
959 1033 1197 1118 Chrysostomi,
1219 1037 1310 1100 cuius
1332 1036 1389 1100 ini·

240 1141 323 1205 tium
352 1143 479 1205 tantum
507 1141 606 1206 etiam
629 1138 787 1224 Sophron.
812 1162 838 1204 c.
864 1141 925 1205 129
954 1141 1089 1227 legitur,
1117 1142 1247 1209 loannis
1270 1141 1388 1207 Dama·
1450 1146 1454 1154 '

241 1247 343 1328 sesni,
366 1269 405 1311 ex
434 1269 497 1331 qua
520 1247 614 1312 fluxit
637 1245 774 1313 Casinas
797 1245 1086 1332 Hierosolymitani
1110 1247 1164 1336 (ci.
1184 1249 1266 1314 Mus.
1284 1248 1388 1314 Rhen.

240 1352 364 1419 XXXV
394 1378 424 1440 p.
458 1355 522 1419 227
561 1352 657 1440 not),
694 1353 857 1441 Triphylii
894 1356 1050 1439 episcopi,
1086 1356 1217 1422 Traiani
1255 1354 1388 1421 Patricii

241 1460 282 1547 (c.
307 1484 334 1528 a.
355 1459 450 1549 670),
478 1461 600 1546 Ignatii
622 1459 773 1544 Diaconi,
802 1483 897 1546 quem
920 1485 945 1528 c.
970 1485 998 1527 a.
1018 1464 1082 1528 850
1105 1463 1224 1528 vixisse
1246 1467 1388 1544 constat3

241 1570 358 1635 omitto
378 1570 464 1634 enim
484 1570 567 1633 vitas
587 1591 625 1633 ex
645 1568 684 1634 iis
701 1568 913 1652 scriptoribus
929 1569 1163 1653 ecclesiasticis,
1181 1571 1388 1654 potissimum

243 1675 436 1766 Sophronia,
459 1677 649 1761 descriptas,
672 1675 789 1761 quibus
813 1674 945 1740 Suidam
968 1699 1060 1741 usum
1086 1698 1155 1742 csse
1179 1697 1273 1742 nemo
1297 1678 1388 1760 iguo-

240 1789 291 1849 rat
322 1783 425 1869 (velut
449 1783 564 1849 Basilii
587 1784 751 1867 Ancyrani
775 1781 841 1869 al).
893 1782 963 1858 Qua
990 1784 1029 1849 ‹le
1058 1807 1170 1869 causa,
1197 1786 1388 1870 praesertim

241 1914 313 1957 cum
332 1890 443 1955 Photii
462 1889 668 1975 patriarchae
687 1887 904 1975 (827-891)
928 1891 996 1956 vita
1015 1893 1138 1957 omissa
1161 1893 1213 1976 sit,
1234 1893 1388 1977 compila-

120 2013 121 2016 ’
240 2004 344 2064 torem
382 1999 480 2063 istum
519 1997 610 2062 brevi
642 2001 718 2081 post
751 1996 915 2081 Ignatium
949 1999 1066 2064 vixisse
1099 2000 1280 2084 suspicatus
1317 2022 1387 2064 sum

242 2106 324 2181 Mus.
338 2103 440 2171 Rhen.
459 2104 479 2168 l.
494 2127 519 2168 c.
557 2104 665 2188 Atque
685 2104 759 2168 illas
777 2105 872 2187 vitas,
891 2126 964 2170 cum
983 2128 1117 2190 prorsus
1138 2106 1244 2171 desint
1262 2107 1296 2171 in
1310 2105 1386 2171 Vio-

241 2212 339 2295 lario,
367 2233 433 2276 non
465 2213 537 2296 ipsa
564 2212 598 2275 in
630 2213 769 2295 epitome
802 2213 950 2277 extitisse
983 2217 1106 2278 certum
1136 2217 1199 2296 est,
1232 2213 1287 2278 sed
1317 2218 1387 2279 tan-

242 2342 338 2406 quam
359 2317 399 2383 ad
418 2320 538 2385 calcem
558 2320 716 2403 epitomes
736 2319 784 2384 vel
804 2319 838 2382 in
857 2319 1076 2386 additamento
1096 2321 1275 2405 adscriptas
1289 2319 1388 2386 fuisse

240 2431 335 2512 puto,
357 2425 441 2491 unde
468 2427 503 2490 in
528 2448 621 2491 suum
644 2426 769 2491 lexicon
792 2426 971 2512 desumpsit
990 2425 1114 2494 Suidas.
1151 2427 1260 2493 Unum
1280 2432 1387 2494 autem

241 2537 357 2618 restat,
389 2534 474 2619 quod
506 2534 539 2598 in
572 2533 633 2598 bac
667 2555 701 2598 re
729 2534 923 2600 monendum
950 2534 1084 2600 videtur.
1135 2535 1275 2599 Praebet
1302 2535 1386 2598 enim

242 2664 325 2707 unus
353 2642 422 2706 cod.
444 2641 665 2707 Bruxellensis
695 2637 749 2726 (Ε)
779 2646 856 2725 post
883 2639 997 2705 Basilii
1026 2640 1258 2725 irenopolitani
1285 2641 1387 2706 vitam

243 2753 380 2816 alteram
412 2746 612 2814 Seleucensis
645 2747 835 2833 (Βασίλειος
869 2746 980 2831 ἕτερος
1014 2751 1225 2828 Σελευκείας,
1259 2745 1389 2832 ἑταῖρος

244 2858 318 2939 [τοῦ
341 2856 411 2921 add.
435 2855 516 2936 cod.]
541 2852 798 2940 Χρυσοστόμου,
826 2849 910 2939 πρὸς
933 2847 973 2919 ὃν
998 2852 1034 2919 ἐν
1057 2864 1126 2931 τοῖς
1152 2852 1228 2938 περὶ
1252 2850 1387 2939 ἱερωσύ-

242 2988 304 3048 νης
326 2957 441 3046 λόγοις
460 2960 595 3045 [λόγους
617 2963 698 3043 cod.]
725 2957 936 3047 διαλέγεται),
960 2960 1100 3045 primum
1125 2984 1144 3025 a
1162 2960 1330 3046 Dausquio
1352 2962 1387 3027 in

242 3072 330 3137 notis
359 3069 399 3136 ad
427 3068 586 3133 Basiliam
615 3066 736 3133 Selene.
764 3092 794 3153 p.
809 3069 872 3133 317
903 3071 936 3132 et
964 3063 1100 3132 Schotto
1129 3068 1163 3132 in
1191 3067 1284 3133 Phot.
1308 3069 1386 3134 bibl.

243 3178 311 3244 cod.
332 3177 394 3243 168
418 3198 448 3260 p.
466 3176 531 3242 378
556 3176 722 3260 vulgatam
750 3197 809 3240 nec
838 3197 857 3239 a
880 3174 1043 3238 Pearsono
1066 3175 1264 3259 neglectam,
1290 3197 1387 3260 quam

242 3306 346 3370 neque
374 3282 529 3368 Hesychii
556 3304 659 3366 neque
688 3282 911 3366 epitomatoris
934 3281 985 3345 vel
1009 3282 1150 3347 asseclae
1172 3282 1308 3348 alicuius
1329 3304 1387 3346 nec

243 3393 380 3477 denique
412 3391 515 3477 ipsius
544 3388 660 3455 Suidae
692 3389 833 3455 indolem
865 3411 942 3474 prae
975 3411 1009 3454 se
1039 3388 1123 3454 ferre
1152 3391 1186 3455 in
1214 3389 1387 3454 manifesto

243 3504 302 3565 est.
327 3497 509 3583 Adscripsit
522 3496 623 3582 igitur
641 3496 733 3561 illam
753 3518 791 3560 ex
815 3519 873 3560 suo
892 3496 1024 3580 ingenio
1044 3497 1197 3563 librarius
1217 3496 1333 3580 aliquis
1353 3497 1387 3560 in

242 3605 382 3671 historia
409 3604 626 3671 ecclesiastica
655 3604 736 3668 bene
759 3607 921 3687 versatus,
949 3604 1035 3688 quod
1058 3604 1168 3670 nescio
1191 3626 1233 3669 an
1256 3605 1386 3686 saepius

243 3714 278 3778 in
300 3712 422 3778 nostris
447 3710 563 3777 Suidae
587 3710 824 3794 exemplaribus
848 3709 971 3776 factum
995 3711 1045 3777 sit.

246 3842 298 3849 -—
311 3842 458 3849 *—

318 3911 343 3975 1)
362 3907 459 3964 Potius
478 3924 511 3962 ex
525 3907 614 3962 altero
629 3905 706 3962 fonte
720 3904 812 3971 fluxit,
830 3905 878 3972 qui
894 3905 1020 3961 diversus
1034 3908 1077 3961 est
1090 3907 1127 3961 ab
1142 3904 1256 3960 Eusebii
1270 3903 1389 3960 historia

244 3985 441 4043 ecclesiastica.
467 3987 540 4042 Nam
559 3984 658 4041 titulus
677 3982 718 4046 εἰς
736 3981 787 4046 τὰς
800 3978 912 4050 ὁράσεις
929 3987 979 4039 τοῦ
995 3983 1102 4056 Δανιὴλ
1121 3982 1275 4056 ὑπόμνημα
1294 3986 1387 4056 negle-

243 4067 356 4136 gentius
380 4066 533 4137 exscriptus
556 4065 666 4120 videtur
688 4081 739 4134 pro
763 4062 804 4127 εἰς
826 4061 892 4128 τοὺς
911 4060 952 4134 ὁρ.
973 4072 1043 4121 Aac.
1062 4066 1112 4122 καλ
1133 4067 1184 4121 τοῦ
1204 4069 1387 4140 Ναβουχοδο-

243 4141 338 4214 riano.
376 4144 417 4201 cf.
437 4144 575 4215 Legerda,
599 4143 741 4213 Hippolyt.
761 4143 843 4211 Oper.
863 4164 890 4215 p.
910 4153 941 4200 51
964 4147 1050 4217 (Lips.
1072 4150 1161 4216 1858).
1181 4178 1213 4186 -
1235 4148 1274 4201 De
1293 4149 1387 4201 aetate

244 4225 401 4296 Hippolyti,
414 4225 462 4295 qui
476 4225 589 4280 ineunte
604 4225 717 4279 sacculo
734 4222 817 4279 tertio
833 4224 911 4294 vixit,
931 4225 964 4279 cf.
982 4225 1084 4296 Funck,
1099 4227 1195 4281 'I'heol
1212 4228 1386 4293 Quartalscb.

246 4311 281 4361 aa
300 4307 392 4376 (1881)
410 4323 437 4375 p.
452 4311 504 4361 raa
519 4323 575 4376 seq.
