3036 5114
199 319 261 385 186
305 270 310 279 .
585 377 596 404 ,
659 322 874 380 nnsncnrus

196 486 303 573 χρυσᾶ
336 488 405 570 ἔπη.
456 487 585 570 πρῶτος
617 484 654 552 δὲ
687 481 705 554 ὁ
732 482 941 574 Πυθαγόρας
975 484 1134 574 ἐμψύχων
1160 484 1348 575 ἀπέχεσθαι

137 618 140 622 ·
197 593 516 680 τροφῆς-παρέδωκε
539 593 594 662 καὶ
616 591 763 680 κυάμων.

287 699 451 784 [ἐτελεύτα
488 701 525 769 δὲ
557 698 575 769 ό
607 700 815 789 Πυθαγόρας
843 706 964 771 τοῦτον
991 699 1051 770 τὸν
1078 701 1212 789 τρόπον.
1262 722 1345 771 συν-

197 806 394 895 εδρεύοντος
417 806 496 896 μετά
519 814 588 877 τῶν
611 808 775 896 συνήθων
799 810 835 876 έν
854 813 894 898 τῆ
919 817 1079 890 Μίλωνος
1098 813 1196 898 οίκίηι,
1219 808 1345 878 τούτου

169 912 263 983 siud
292 942 383 997 τινος
409 921 477 987 τῶν
500 916 545 1006 μή
568 922 759 1006 παραδοχῆς
783 916 997 999 ἀξιωθέντων
1020 916 1076 986 διά
1099 917 1239 1003 φθόνου
1259 914 1344 987 ὑπο-

197 1027 392 1110 πρησθῆναι
420 1023 482 1111 τήν
512 1030 621 1093 οἰκίαν
650 1027 784 1111 συνέβη.
828 1025 916 1105 τινὲς
943 1025 981 1093 δὲ
1008 1023 1130 1106 αὐτοὺς
1151 1024 1228 1107 τοὺς
1251 1032 1344 1110 Κρο-

112 1130 116 1137 ’
197 1131 359 1213 τωνιάτας
381 1137 480 1202 τοῦτο
503 1136 639 1220 πρᾶξαι,
665 1137 867 1219 τυραννίδος
890 1135 1041 1202 ἐπίθεσιν
1065 1131 1343 1221 εὐλαβουμένους.

197 1236 258 1307 τὸν
287 1237 329 1326 δή
354 1242 563 1327 Πυθαγόραν
590 1243 848 1328 καταληφθῆναι
876 1239 1057 1325 διεξιόντα,
1083 1241 1139 1308 καὶ
1167 1241 1249 1326 πρός
1273 1269 1343 1311 τινι

194 1352 305 1438 χωρίῳ
328 1347 509 1435 γενόμενος
530 1347 648 1435 πλήρει
671 1346 820 1434 κυάμων,
843 1350 899 1415 ’ίνα
921 1346 1086 1434 διήρχετο,
1109 1344 1232 1417 αὐτόθι
1251 1355 1342 1437 ἔστη,

155 1474 181 1514 1⁰
195 1452 297 1522 εἰπὼν
319 1451 446 1523 ἁλῶναι
470 1459 598 1541 μᾶλλον
622 1451 642 1543 ή
668 1460 821 1542 πατῆσαι,
846 1452 1069 1541 ἀναιρεθῆναι
1093 1455 1130 1523 δὲ
1149 1469 1300 1542 κρεῖττον
1320 1453 1342 1544 ῆ
1371 1460 1376 1470 ’

195 1566 348 1648 λαλῆσαι·
378 1564 432 1629 καὶ
457 1552 522 1629 ὧδε
545 1561 629 1647 πρὸς
652 1567 719 1631 τῶν
744 1562 938 1631 διωκόντων
960 1560 1208 1650 ἀποσφαγῆναι.
1251 1561 1341 1633 οὕτω

194 1667 231 1736 δέ
267 1669 323 1736 καὶ
359 1669 437 1750 τοὺς
473 1675 649 1750 πλείστους
681 1673 750 1737 τῶν
783 1671 923 1758 ἑταίρων
956 1669 1061 1740 αὐτοῦ
1094 1674 1342 1760 διαφθαρῆναι,

194 1773 294 1857 ὄντας
316 1777 399 1865 πρὸς
421 1775 500 1859 τοὺς
523 1777 583 1866 μ’.]

281 1887 534 1954 DCLXXXVII.
576 1887 736 1967 Πυθέας
761 1884 939 1973 Ἀθηναῖος
967 1885 1093 1974 ῥήτωρ,
1128 1886 1201 1969 υίὸς
1230 1887 1267 1957 δέ
1295 1881 1342 1975 ήν

154 2033 179 2072 15
193 1999 378 2082 μυλωθροῦ
400 1995 455 2062 καὶ
479 1991 610 2082 θρασὺς
633 1992 782 2081 σφόδρα,
808 1992 928 2081 φυγάν
950 2021 986 2062 τε
1005 1992 1198 2081 Ἀθήνηθεν
1221 1997 1256 2063 ἐκ
1278 2000 1342 2065 τοῦ

193 2105 423 2189 δεσμωτηρίου
448 2101 504 2171 διά
528 2101 663 2190 ὄφλημα
688 2107 734 2182 είς
758 2105 976 2169 Μακεδονίαν
999 2094 1122 2189 ἦλθεν,
1146 2101 1216 2170 εἶτα
1240 2104 1341 2171 ἐπαν-

191 2213 251 2295 ῆκε
275 2209 384 2278 πάλιν.
425 2215 547 2297 ἔγραφε
571 2209 693 2296 λόγους
717 2207 963 2296 δημηγορικοὺς
986 2210 1041 2277 καλ
1066 2208 1258 2289 δικανικοὺς
1280 2212 1339 2278 καὶ

192 2314 276 2384 άλλα
310 2316 395 2386 τινά.
441 2315 515 2384 ἀλλ’
548 2314 609 2407 οὐκ
639 2319 796 2411 ἐνεκρίθη
824 2315 905 2404 μετά
932 2320 1001 2384 τῶν
1028 2323 1156 2386 λοιπῶν
1183 2317 1340 2405 ῥητόρων

78 2420 115 2454 ''¹'‘
157 2458 160 2464 ·
196 2420 241 2504 ὡς
263 2422 393 2511 θρασὺς
416 2427 472 2493 καὶ
497 2424 745 2512 διεσπασμένος.

281 2534 548 2602 DOLXXXVIII.
591 2531 765 2620 Πύρρων
792 2531 1025 2620 Πλειστάρχου
1049 2528 1175 2613 Ἠλεῖος
1202 2532 1341 2621 φιλόσο-

192 2666 266 2727 φος,
285 2636 323 2721 ὃς
340 2634 384 2729 ῆν
403 2642 455 2710 ἐπὶ
478 2648 647 2710 Φιλίππου
665 2643 726 2708 τοῦ
745 2637 946 2719 Μακεδόνος
964 2637 1045 2707 κατά
1065 2637 1127 2726 τὴν
1147 2639 1216 2726 ρια’
1236 2637 1339 2728 όλνμ-
1354 2619 1415 2724 ‘'22³‘'

190 2746 294 2815 πιάδα
316 2749 371 2816 καὶ
395 2751 556 2837 ἐπέκεινα,
579 2748 634 2816 καὶ
657 2746 821 2836 πρότερον
845 2745 905 2834 μὲν
924 2737 968 2834 ῆν
987 2747 1171 2835 ζωγράφος,
1194 2744 1338 2837 ὕστερον

191 2855 228 2924 δὲ
261 2854 415 2946 ὥρμησεν
453 2859 505 2927 ἐπὶ
538 2860 745 2944 φιλοσοφίαν
782 2854 836 2921 καί
870 2853 1028 2941 διήκουσε
1058 2854 1240 2943 Βρύσωνος
1276 2860 1340 2924 τοῦ

191 2965 425 3051 Κλεινομάχου
463 2967 632 3050 μαθητοῦ,
673 2958 742 3028 εἶτα
772 2958 974 3049 Ἀναξάρχου
1009 2966 1070 3030 τοῦ
1104 2961 1340 3049 Μητροδώρου

264 3135 408 3201 1πρῶτος
426 3151 483 3203 seq.
499 3152 573 3203 susp.
588 3133 701 3188 Daubio
773 3128 943 3203 9χρόνφῗ
1014 3127 1166 3203 γενόμενος
1185 3150 1255 3188 corr.
1274 3132 1339 3187 Ku-

193 3220 281 3271 ελικαο
300 3213 456 3284 γενόμενον
473 3217 546 3284 υαλς.

261 3295 463 3351 DCLXXXVII
483 3295 558 3350 Εκδ.
577 3299 672 3364 [1594
746 3298 779 3346 14
799 3294 913 3354 Πυθίας
934 3295 963 3346 eb
985 3293 1059 3348 inira
1077 3291 1240 3362 Μυλιόθρον
1257 3294 1338 3351 Eud.

192 3384 225 3433 16
245 3380 384 3450 μυλίθρου
403 3384 426 3431 Δ
445 3375 593 3447 μυλάθρου
611 3375 662 3429 τοῦ
683 3374 809 3444 μυλωνᾶ·
843 3371 956 3442 ἔχοντος
974 3374 1023 3428 καλ
1043 3370 1231 3444 ἐργαζομένου
1250 3379 1281 3441 V,
1305 3375 1335 3430 in

191 3478 245 3528 quo
265 3457 431 3529 μυλωνάρου
451 3460 538 3514 latere
558 3475 640 3529 posse
660 3455 816 3527 suspicatus
836 3456 879 3509 est
896 3454 1063 3524 Bernhardy
1144 3461 1176 3509 16
1196 3457 1337 3509 Λακεδαι-

191 3542 325 3610 μονίανῖ
380 3546 411 3594 18
428 3537 563 3609 ἐνεκρίθη
579 3557 647 3594 corr.
666 3539 791 3607 Τουρίιις
806 3532 907 3602 ἐκρίθη
921 3539 971 3586 AV
992 3531 1100 3603 ἐκλήθη
1114 3540 1157 3587 Bc
1172 3536 1244 3602 υιιλμ,
1260 3534 1336 3591 Eud.

192 3627 225 3674 19
244 3616 280 3681 ὡς
298 3617 409 3688 θρασὺς
429 3651 460 3661 -
482 3621 547 3676 exit.
565 3638 618 3677 orn.
634 3620 710 3674 End.
730 3612 833 3686 τραχὺς
851 3614 974 3669 tentavit
992 3615 1181 3670 Βιιλιιιλιικίιιο.
1207 3614 1336 3669 Ceterum

192 3700 319 3756 dubitavi
343 3704 463 3756 inserere
487 3702 573 3756 vitam
594 3700 768 3770 Pythoclidis
786 3696 884 3751 musici
909 3712 926 3748 u
949 3695 1034 3751 schol.
1055 3696 1164 3750 Platon.
1184 3694 1223 3748 VI
1242 3713 1268 3762 p.
1283 3701 1336 3749 279

192 3784 363 3836 enarratam:
386 3782 628 3847 Πυθοκλείδης
647 3775 780 3848 μουσικός
797 3768 846 3844 ῆν,
866 3778 915 3846 τῆς
934 3777 1036 3847 σεμνῆς
1050 3777 1186 3845 μουσικῆς
1203 3774 1336 3830 διδάσκα·

192 3862 238 3920 λος
257 3857 470 3930 Πυθαγόρειος,
490 3851 524 3913 οὗ
544 3856 675 3928 μαθητής
693 3855 873 3927 Ἀγαθοκλῆς,
892 3848 927 3911 οδ
947 3856 1145 3926 Λαμπροκλῆς,
1165 3847 1199 3910 οδ
1220 3852 1336 3925 Δάμων,

192 3938 270 3993 cuius
288 3939 399 3994 initium
419 3940 535 3995 fortusse
554 3956 587 3994 ex
606 3939 740 4008 Hesychii
759 3937 896 3992 thesauris
915 3937 1002 3991 fluxit.
1032 3936 1072 3991 ef.
1088 3936 1160 3989 Plus.
1175 3934 1236 3989 Per.
1252 3941 1269 3989 4

264 4019 477 4074 DCLXXXVIII
496 4021 571 4075 Eud.
587 4039 613 4090 p.
625 4026 685 4075 617.
706 4019 745 4073 Cf.
761 4020 842 4089 Diog.
858 4020 905 4085 lx,
920 4026 951 4074 61
964 4035 1021 4086 seq.
1078 4024 1112 4070 20
1127 4010 1337 4082 Πιστοκράτους

191 4117 244 4170 pro
264 4103 372 4153 Πλειστ.
391 4100 514 4156 Pansam.
526 4102 572 4167 VI,
583 4109 653 4171 24‚b
715 4108 747 4155 ‘21
767 4095 944 4167 Ἀλεξάνδρου
964 4115 1014 4167 pro
1031 4100 1087 4152 Φιλ.
1107 4096 1219 4166 flagitat
1233 4095 1336 4162 Ιίολιδε,

192 4180 263 4237 Mus.
280 4181 366 4234 Rhen.
383 4179 497 4234 XXXIII
517 4200 543 4250 p.
561 4189 611 4235 192
631 4186 717 4238 uob.1
739 4177 894 4247 φιλόσοφος
913 4175 1034 4247 γεγονὼς
1054 4174 1126 4233 κατὰ
1146 4174 1198 4244 τήν
1217 4170 1264 4243 ρα’
1285 4170 1337 4243 ὄλ,

191 4256 223 4325 ὃς
242 4255 276 4331 ήν
296 4258 342 4317 ἐπὶ
363 4264 420 4315 naz.
436 4260 484 4315 τοῦ
505 4266 581 4316 Μακ.
597 4262 646 4316 καὶ
662 4260 794 4317 ἐπέκεινα
810 4260 934 4325 Olinton,
954 4259 1017 4312 sust.
1032 4259 1070 4311 ΙΙΙ
1083 4276 1111 4326 p.
1126 4264 1179 4312 476
1194 4254 1248 4324 μα’
1266 4256 1334 4312 Par.

191 4344 273 4399 Πανί,
289 4338 337 4410 ρα’
352 4341 427 4396 Eud.
443 4360 505 4409 ρεαι
520 4347 550 4407 V,
569 4358 623 4410 quo
639 4342 744 4396 innisus
759 4337 798 4407 ρέ
814 4358 882 4395 corr.
898 4339 1065 4405 (ιάλεολινιίδ,
1083 4334 1143 4405 ρια’
1158 4356 1192 4391 ex
1206 4356 1253 4402 ραι
1268 4337 1296 4402 (i.
1313 4353 1336 4392 e.

143 4441 146 4446 ’
191 4418 247 4491 ρε’)
266 4423 356 4476 orium
376 4423 530 4476 essentne
549 4417 622 4475 κατά
642 4418 693 4487 τῆν
709 4416 863 4487 ἑκατοστήν
876 4415 988 4486 πρώτην
1003 4416 1065 4471 εδδ.
1081 4419 1150 4471 veti.
1222 4422 1256 4470 23
1275 4414 1337 4485 διή-

190 4521 297 4558 κουσαν
316 4506 338 4552 V
361 4505 426 4559 ante
448 4502 610 4574 Mensgium
634 4499 709 4572 apud
730 4499 810 4569 Diog.
835 4500 981 4568 legebatur
1005 4495 1154 4568 Δρόσωνος
1231 4503 1265 4551 24
1289 4497 1336 4554 sic
