3036 5114
621 307 835 395 reseremus.
1257 307 1301 371 45

158 469 382 541 xal''Arralev
401 469 462 558 μὲν
480 468 540 540 τὸν
558 472 695 558 βασιλέα
715 469 897 559 Περγάμου
916 470 972 540 διὰ
991 474 1089 540 τοῦτο
1111 473 1198 557 ἔχειν
1213 466 1300 562 αὐτῷ

158 580 434 667 ἐπιβουλεύοντα,
462 582 508 659 είς
539 577 575 645 δὲ
602 577 664 665 τὴν
693 585 832 647 Πυθίαν
864 578 1009 648 ἐλθόντα
1036 576 1114 645 ποτὲ
1142 578 1303 645 σκώπτειν

158 690 205 767 είς
227 684 265 755 τό
284 701 458 773 μαντεῖον,
481 686 537 753 καὶ
556 687 756 771 ἐπιγελῶντα
775 688 925 775 ἐρέσθαι,
949 690 979 754 εί
1000 682 1059 754 τὸν
1083 687 1185 751 ἵππον
1210 680 1304 772 εὑρη·

158 813 217 862 σει.
272 797 463 881 χρησθῆναι
498 791 535 860 δὲ
572 790 662 884 αύτῳ
695 789 851 879 εὑρήσειν
887 794 1017 879 ταχέως.
1072 789 1141 858 εἷτα
1174 793 1303 858 ἐκεῖνον

158 904 385 988 διαθρυλησαι
407 904 522 985 τοῦτο,
546 896 596 966 ὅτι
620 898 704 986 μηδὲ
726 891 770 987 ἦν
794 899 882 992 αὐτῷ
906 903 1014 983 ἵππος,
1038 894 1329 985 pertitinemus

158 1005 420 1095 ἀναχωρήσαντα
445 1007 481 1074 δὲ
501 1006 750 1095 συλλαβόμενος
758 1005 918 1086 ’Ἁτταλος
936 1008 1066 1087 ἐπέταξε
1084 1032 1304 1092 κατακρημνι-

159 1120 299 1203 σθῆναι·
319 1117 356 1184 ἐν
374 1107 401 1206 ᾦ
421 1114 458 1183 δὲ
476 1113 566 1206 τόπῳ
584 1119 683 1182 τοῦτο
703 1116 845 1200 ἐγίνετο,
865 1117 1010 1188 ἐκαλεῖτο
1021 1111 1136 1192 Ἵππος
1156 1110 1173 1180 ὁ
1192 1112 1304 1199 τόπος,

158 1223 214 1291 καλ
243 1227 328 1308 ἔγνω
356 1220 439 1309 πρὸς
467 1224 510 1312 τῷ
539 1219 676 1310 θανάτῳ
704 1218 748 1307 μὴ
778 1221 942 1301 ἐψεῦσθαι
967 1218 1005 1288 τὸ
1028 1218 1153 1308 λόγιον.
1199 1218 1305 1302 οίτως

160 1323 223 1398 ούν
246 1332 425 1417 ἐνυβρίσας
446 1333 554 1409 κακῶς
577 1326 749 1412 ἀπώλετο]

248 1438 436 1506 CLXXVII.
474 1441 697 1523 Δείναρχος
716 1442 903 1522 Κορίνθιος
926 1438 1046 1524 ῥήτωρ,
1071 1433 1118 1516 εἷς
1138 1441 1205 1505 τῶν
1224 1434 1304 1523 μετά
1320 1461 1345 1500 ιο

162 1544 408 1634 Δημοσθένους
427 1544 652 1633 ἐγκριθέντων
676 1543 764 1630 (υίὸς
785 1548 877 1624 τίνος
900 1544 990 1612 ἐστὶν
1018 1541 1080 1631 ούχ
1110 1542 1305 1634 ἱστόρηται),
1389 1564 1427 1604 ’σι

158 1651 289 1738 γράψας
320 1649 402 1720 κατὰ
435 1653 496 1739 μίν
527 1679 621 1731 τινας
653 1649 774 1737 λόγους
801 1653 880 1732 τοὺς
911 1650 1036 1732 πάντας
1064 1652 1127 1738 ρξ’,
1159 1650 1239 1719 κατὰ
1269 1652 1305 1721 δὲ
1342 1707 1386 1752 q<

157 1758 195 1827 τὸ
211 1757 438 1846 ἀληθέστερον
452 1757 578 1845 μόνους
595 1758 636 1840 ξ’,
654 1757 733 1837 τοὺς
751 1757 877 1838 πάντας
895 1759 1099 1843 δικανικούς,
1123 1751 1172 1828 ὧν
1192 1764 1226 1827 οί
1244 1763 1306 1847 μίν

159 1871 224 1934 είσι
248 1865 415 1952 δημόσιοι,
442 1869 476 1934 οί
498 1865 536 1933 δὲ
555 1869 725 1934 ίδιωτικοί.
765 1865 965 1953 [ἐτελεύτησε
985 1867 1022 1934 δὲ
1041 1858 1139 1946 οὗτος
1157 1870 1305 1955 ἐπιμελη·

159 1971 218 2060 τὴς
231 1972 498 2060 Πελοποννήσου
516 1970 680 2051 καταστάς
697 1969 763 2040 ὑπὸ
784 1971 1010 2061 Ἀντιπάτρου,
1034 1973 1112 2061 μετά
1136 1973 1174 2042 τδ
1197 1983 1305 2044 τελευ-
1321 1995 1346 2035 1⁵

158 2083 257 2165 τῆσαι
277 2077 494 2166 ’Δντίπατρον
518 2082 816 2167 Πολυσπέρχοντος
839 2078 928 2172 αύτῷ
953 2082 1275 2168 ἐπιβουλεύσαντος]

249 2189 454 2257 CLXXVIII.
487 2187 735 2274 Δεινόλοχος
754 2189 988 2274 Συρακούσιος
1004 2185 1024 2276 ἢ
1040 2188 1305 2277 Ἀκραγαντῖνος,

160 2294 311 2381 κωμικός.
358 2286 401 2382 ἦν
429 2294 481 2362 ἐπὶ
508 2299 566 2382 τῆς
594 2295 648 2381 ογ’
673 2293 893 2383 ὀλυμπιάδος,
920 2295 994 2377 υίὸς
1016 2295 1233 2385 Ἐπιχάρμου,
1261 2295 1306 2378 ὡς

161 2403 201 2470 δέ
220 2427 322 2488 τινες,
347 2403 505 2489 μαθητής.
552 2404 682 2483 ἐδίδαξε
705 2401 857 2491 δράματα
881 2402 923 2470 ιδ’
949 2408 1079 2492 Δωρίδι
1104 2406 1271 2497 διαλέκτῳ.

250 2509 418 2576 CLXXIX.
452 2506 703 2595 Δεξικράτης.
733 2499 831 2587 οὗτος
846 2507 1025 2596 Ἀθηναίας
1044 2511 1197 2598 κωμικός.
1226 2510 1346 2600 δρά-ιο

159 2643 246 2704 ματα
261 2615 366 2686 αύτοῦ
381 2613 550 2704 slorv‘tp'
569 2617 696 2684 ἑαυτῶν
710 2617 933 2703 πλανεύμενοι,
951 2614 995 2709 eie
1006 2614 1304 2713 ᾉθηναιός-ῳησιν

162 2725 199 2814 ἐν
219 2723 255 2819 γ’
280 2728 582 2812 Δειπνοσοφιστάν
597 2777 604 2794 .
619 2779 625 2792 .
641 2778 649 2794 .

249 2832 402 2900 CLXXX.
452 2833 681 2913 Δέξιππος
711 2834 908 2916 [Δεξίππου]
938 2829 956 2899 δ
983 2830 1150 2921 Ἐρέννιος
1179 2860 1302 2922 χρημα-

68 2974 97 3007 s.
114 2988 125 3007 .,
160 2943 263 3024 τίσας,
284 2935 463 3025 Ἀθηναῖος
486 2938 607 3027 ῥήτωρ,
632 2937 779 3026 γεγονὼς
802 2938 854 3007 ἐπὶ
877 2945 1087 3023 Βαλεριαυοῦ
1110 2941 1164 3010 καλ
1185 2941 1304 3028 Γαλιή-

231 3115 257 3164 4.
277 3106 338 3164 εἶτα
356 3109 386 3163 in
404 3113 427 3161 Δ
445 3110 504 3163 lere
522 3109 646 3164 deletum

232 3188 380 3246 CLXXVII
399 3190 474 3243 Eud.
494 3208 520 3259 p.
540 3194 592 3242 225
667 3195 699 3243 10
718 3187 759 3251 ελς
777 3188 833 3242 τῶν
853 3188 950 3258 scripsi
969 3207 1031 3243 eum
1051 3190 1125 3246 Eue.
1145 3192 1201 3245 τῶν
1216 3188 1305 3253 -είς

160 3269 240 3325 Sus'd.
314 3276 345 3323 11
366 3266 474 3331 υίὸς-
495 3267 561 3323 exit.
582 3285 635 3324 om.
655 3268 731 3323 Eud.
750 3262 812 3331 υλδς
831 3299 864 3308 -
883 3265 992 3331 πάντας
1015 3286 1068 3324 om.
1089 3271 1163 3327 Eue.
1186 3289 1304 3341 pergens

160 3349 301 3420 συνέθηκε
321 3344 422 3419 λόγους
440 3352 531 3404 ornav.
629 3354 661 3401 14
683 3346 845 3417 ἐτελεύτησε
865 3380 898 3388 -
918 3347 983 3402 exit.
1003 3367 1057 3404 om.
1076 3351 1161 3419 Eud„
1180 3351 1216 3404 ad
1235 3352 1303 3406 alte·

160 3449 221 3485 rum
240 3430 410 3486 Dinarchum
431 3434 558 3499 spectare
576 3429 719 3500 perspexit
742 3430 878 3484 λύκαινα.
899 3432 961 3485 coll.
981 3429 1053 3484 Plut.
1073 3430 1156 3484 Phoc.
1177 3438 1210 3484 33

231 3511 393 3567 CLXXVIII
417 3511 491 3565 Ειαλ.
515 3528 542 3580 p.
567 3516 628 3577 227,
656 3527 726 3578 quae
753 3528 806 3567 om.
832 3501 868 3580 ἦν
894 3541 925 3549 -
952 3507 1090 3582 μαθητής.
1133 3509 1172 3564 cf.
1195 3510 1303 3565 Aelian.

162 3593 233 3648 Hist.
244 3594 275 3647 A.
287 3591 333 3660 VI,
345 3598 375 3647 61
394 3587 562 3660 Δεινόλοχος
576 3586 591 3645 e'
606 3585 815 3660 ἀνταγωνιστὴς
829 3585 1000 3661 Ἐπιχάρμου
1016 3592 1044 3646 et
1054 3588 1165 3645 Clinton
1175 3609 1200 3661 p.
1213 3597 1246 3644 29
1257 3590 1303 3648 Kr.

233 3672 369 3728 CLXXIX
389 3673 429 3728 Cf.
446 3671 573 3726 Meineke
588 3671 600 3724 I
614 3690 641 3741 p.
656 3677 722 3736 4923
738 3671 772 3723 de
791 3671 851 3725 vitu
864 3670 937 3725 dixit
948 3670 1041 3740 Duub,
1060 3671 1094 3725 de
1111 3671 1186 3726 Suid.
1202 3691 1227 3741 p.
1243 3677 1304 3742 484,

162 3752 240 3808 Stud.
257 3772 286 3823 p.
306 3760 340 3809 36
350 3771 406 3823 seq.
486 3758 520 3806 20
539 3752 633 3822 δρᾶμα
653 3747 742 3807 αὐτοῦ
761 3747 836 3807 ἐστιν
855 3768 922 3806 corr.
942 3753 1079 3807 Kusterm
1097 3769 1150 3807 ree.
1168 3753 1304 3807 ll'esterm.

161 3829 326 3889 adversatus
350 3837 393 3888 est
414 3833 538 3887 Meinelce
555 3832 573 3887 l.
593 3850 616 3886 e.
636 3832 698 3888 coll.
719 3830 793 3886 Suid.
814 3852 839 3887 v.
861 3835 1019 3900 Φιλιστίων,
1042 3834 1151 3888 servavi
1169 3833 1304 3888 librorum

161 3914 323 3982 lectionem,
346 3932 407 3969 cum
426 3913 562 3968 nonnulle
579 3912 736 3967 dramatum
754 3913 868 3967 nomina
891 3931 910 3966 s.
930 3914 975 3967 fin.
996 3915 1130 3968 excidisse
1148 3913 1303 3982 videantur,

162 3997 332 4065 quapropter
350 3994 467 4048 lueuuee
487 3993 597 4064 signum
615 3992 707 4062 posui;
727 3993 761 4047 de
781 3994 878 4048 eodem
898 3995 932 4049 ef.
952 3995 1052 4048 Athen.
1071 3994 1110 4048 lll
1128 4012 1155 4064 p.
1177 4001 1228 4048 124

233 4073 355 4129 CLXXX
374 4073 449 4128 Eud.
468 4091 495 4142 p.
511 4078 571 4128 225.
596 4070 636 4128 Cf.
651 4073 758 4143 Eunap.
774 4073 829 4128 Vit.
850 4074 934 4144 Soph.
954 4075 1011 4144 lp.
1034 4082 1065 4127 11
1081 4074 1165 4130 Boiss.
1189 4076 1304 4130 Tractat

162 4155 287 4210 Niebuhr
309 4171 336 4223 p.
355 4152 459 4219 XXIV,
483 4152 629 4217 Δεξίππου
651 4153 775 4222 glossam
798 4155 1011 4225 grammaticum
1035 4173 1093 4211 esse
1116 4159 1209 4226 petet,
1232 4173 1303 4223 quae

161 4235 323 4305 genetivum
337 4233 450 4301 indicet,
464 4249 527 4287 cum
541 4234 623 4302 pater
635 4233 695 4287 elus
704 4233 879 4290 Ptolemaeus
894 4234 1024 4289 laudetur
1038 4235 1107 4290 Insc.
1119 4237 1150 4290 A.
1163 4235 1201 4288 lll
1214 4254 1240 4290 n.
1252 4242 1303 4289 116

162 4314 260 4386 (etism
278 4313 317 4367 III
338 4331 365 4369 n.
386 4315 455 4383 713).
494 4312 534 4367 Cf.
558 4331 583 4368 v.
602 4309 719 4385 Ἴστρος,
742 4311 872 4384 Νύμφις,
893 4309 1011 4382 Ἀραριός
1036 4314 1066 4369 in
1085 4316 1153 4369 vett.
1172 4314 1233 4368 edd.
1257 4315 1303 4383 ul,

162 4394 265 4449 muller
279 4392 318 4446 III
326 4412 354 4463 p.
365 4400 418 4449 667
468 4399 502 4447 23
517 4398 687 4464 χρηματίσας
701 4413 754 4450 om.
770 4395 845 4449 Eud.
900 4399 935 4448 24
954 4393 1044 4464 ῥήτωρ
1064 4394 1112 4447 καλ
1126 4391 1304 4462 συνγραφεύς

160 4475 206 4531 tii.
226 4474 664 4543 Αιιιίσιιι,1ια1κεριαιοῦηι
683 4481 741 4532 Al&
761 4477 837 4531 Eud.
911 4475 1109 4544 ΓαλλιηνοῦΔ
