3036 5114
233 308 274 371 14
700 309 911 366 HESYCHIUS.

320 472 434 538 XLIX.
469 469 700 553 Ἀνάξιππος
726 469 870 559 κωμικὸς
896 482 953 558 τῆς
976 473 1054 551 νέας
1075 475 1252 563 κωμῳδίας
1272 527 1278 539 .
1295 526 1303 541 .
1322 471 1378 558 ἦν·

16 638 49 666 υ,
93 640 99 647 ,
140 632 143 636 ,
231 598 335 664 μασεν
360 579 411 645 ἐπὶ
433 575 628 667 Ἀντιγόνου
651 580 706 647 καὶ
732 585 929 667 Δημητρίου
951 583 1012 648 τοῦ
1035 584 1278 667 Πολιορκητοῦ.

320 707 353 771 L.
387 700 617 791 Ἀνάχαρσις
637 703 803 790 Γνούρου,
822 704 947 793 μητρὸς
966 702 1216 792 δέἙλληνίδος,
1237 705 1377 792 Σκύθης

231 809 428 897 φιλόσοφος,
453 809 600 898 ἀδελφὸς
623 811 765 879 Καδούα
788 816 848 879 τοῦ
867 816 1018 880 Σκυθῶν
1040 814 1210 898 βασιλέως.
1256 818 1377 900 ἔγραψε

203 920 356 1008 ὁνόμιμα
380 917 537 986 Σκυθικά
567 916 614 986 δι’
646 921 750 1003 έπων,
779 919 854 1006 περὶ
881 917 1046 999 εὐτελείας
1076 924 1143 988 τῶν
1167 925 1214 999 είς
1236 919 1296 987 τὸν
1320 917 1378 988 άν-

16 1080 166 1119 Μώω,
230 1025 409 1112 θρώπινον
446 1031 541 1112 βίον,
567 1079 596 1092 ..
622 1030 689 1120 ἔπη
710 1024 837 1120 πάντα.-
851 1022 1038 1119 ὀκτακόσια.
1089 1017 1179 1112 [εὗρε
1212 1024 1249 1093 δὲ
1282 1016 1380 1105 οὗτος

139 1174 143 1181 ·
233 1130 385 1220 ἄγκυραν
409 1132 547 1202 καὶτὸν
570 1130 751 1219 κεραμικὸν
773 1130 904 1218 τροχόν.
936 1123 980 1218 ἦν
1004 1132 1041 1200 δὲ
1064 1132 1117 1200 eut
1139 1139 1301 1218 Κροίσου,
1323 1134 1404 1200 erui.-
1432 1174 1446 1193 -.

230 1239 459 1326 τετελεύτηκεν
484 1237 680 1325 Ἑλληνικάς
701 1237 831 1319 τελετάς
859 1241 1016 1307 ἐπιτελῶν
1044 1240 1081 1306 έν
1108 1240 1277 1324 Σκύθαις,
1310 1241 1377 1307 έπι-

229 1346 475 1432 βουλεύσαντος
504 1344 594 1437 αύτῷ
623 1348 684 1413 τοῦ
712 1343 878 1432 ἀδελφοῦ,
905 1344 987 1413 κατὰ
1019 1346 1060 1413 δέ
1083 1373 1192 1432 τινας,
1227 1346 1264 1412 έν
1291 1343 1379 1435 γήρᾳ

191 1472 216 1510 1⁰
230 1460 334 1537 βαθεῖ
354 1456 409 1523 καί
432 1456 545 1542 μέχρις
568 1454 653 1522 ἐτῶν
675 1452 817 1536 έκατόυ].

144 1658 154 1676 .-
320 1582 371 1647 LI.
406 1577 637 1666 Ἀνδοκίδης
666 1575 856 1666 Ἀθηναῖος,
889 1576 1000 1673 ῥητωρ
1032 1582 1100 1648 τῶν
1133 1577 1376 1672 πρωτευόντων

229 1689 308 1773 δέκα
330 1681 387 1772 εἷς,
406 1684 480 1766 υίὸς
499 1684 691 1772 Λεωγόρου,
714 1682 884 1772 άπόνονος
906 1671 1100 1773 Τηλεμάχου
1118 1690 1179 1753 τοῦ
1195 1684 1376 1764 Ὀδυσσέως

153 1782 159 1790 ’
229 1794 284 1861 καὶ
308 1792 516 1877 Ναυσικάας,
540 1790 585 1872 ὥς
607 1811 712 1878 φησιν
732 1789 933 1871 Ἑλλάνικος.

318 1921 387 1987 LII.
421 1917 722 2005 Ἀνδροκλείδης
749 1915 767 1984 ὁ
796 1921 857 1985 τοῦ
886 1923 1055 1986 Συνεσίου
1082 1923 1143 1987 τοῦ
1172 1923 1288 1987 Λυδοῦ
1315 1921 1378 1988 τοῦ

190 2027 467 2112 10Φιλαδελιμέως
489 2025 571 2105 υίός.
618 2015 715 2104 οὗτος
738 2023 776 2092 δὲ
791 2024 852 2091 ,ἐπί
877 2031 1078 2113 Πορφυρίου
1101 2029 1162 2095 τοῦ
1184 2026 1377 2114 φιλοσόφου
1400 2046 1442 2081 ss

231 2210 442 2219 ———-

229 2330 378 2402 Porphyrii
398 2328 563 2386 sententiam
584 2343 647 2383 esse
665 2329 821 2398 suspicatus
840 2330 895 2397 est,
914 2329 1033 2384 alterurn
1049 2326 1091 2396 (ἐν
1105 2331 1139 2400 τῇ
1154 2326 1290 2398 Σάρδεων
1305 2326 1377 2385 ἅλιό-

230 2413 282 2480 σει)
296 2410 461 2481 Apollodori
497 2406 539 2479 νη’
556 2410 689 2479 Origenes
708 2409 812 2465 Philos.
832 2410 844 2463 Ι
859 2428 886 2479 p.
901 2415 953 2464 087
972 2426 1025 2464 ree.
1046 2410 1158 2467 θίίκλοιι
1176 2430 1202 2481 p.
1218 2418 1234 2465 5
1249 2411 1296 2465 Kr.
1328 2408 1375 2465 νθ’

228 2491 361 2561 Scoliper,
380 2490 528 2546 Animadv.
549 2490 578 2544 in
593 2492 658 2545 llus.
673 2508 700 2560 p.
716 2495 758 2544 04.
795 2490 924 2544 Fortasse
942 2490 1029 2545 rerba
1048 2486 1080 2544 ἐν
1097 2491 1132 2560 τῇ
1151 2489 1287 2560 Σάρδεων
1306 2486 1376 2545 ἁλιά-

228 2589 322 2625 σει-
343 2572 408 2625 erit.
428 2590 445 2626 a
467 2571 635 2641 neglegente
653 2571 757 2626 lectore
778 2586 812 2624 ex
831 2569 994 2640 Apollodori
1019 2571 1205 2642 chronologia
1225 2570 1375 2640 adscripta,

230 2651 280 2720 qui
297 2650 468 2720 Hesychium
487 2652 635 2706 emendare
653 2652 769 2706 volebat

300 2742 387 2797 XLIX
410 2742 611 2810 Euripide.
644 2740 780 2809 Equidem
804 2741 903 2796 comici
927 2741 1100 2797 mentionem
1124 2741 1250 2796 lecerunt
1267 2740 1376 2808 Pollux,

227 2824 390 2878 Athenaeus
409 2822 445 2877 al.
479 2820 519 2875 Cf.
540 2819 652 2875 Cliuton
671 2839 696 2890 p.
718 2826 768 2874 187
782 2819 844 2886 Kr.;
863 2821 990 2876 Meineke
1010 2822 1022 2875 Ι
1040 2840 1067 2891 p.
1086 2828 1138 2877 400
1153 2838 1210 2888 seq.

298 2922 319 2975 L
341 2920 414 2973 Eud.
434 2937 461 2988 p.
482 2924 531 2971 lae
551 2917 699 2986 descripsit
717 2915 798 2985 Diog.
814 2919 835 2985 Ι,
851 2925 910 2986 101,
930 2937 1012 2988 quem
1028 2921 1131 2991 partim
1149 2917 1279 2975 adhibuit
1295 2920 1375 2990 scho-

227 3002 312 3055 liasta
330 3001 443 3054 Platon.
458 2997 497 3050 Vl
512 3016 538 3066 p.
554 3003 606 3052 300
626 2997 728 3066 Herm,
748 2997 826 3051 cuius
844 2999 930 3053 vitam
951 3001 1121 3056 subscribere
1139 3001 1230 3055 iuvat:
1248 2993 1372 3068 ’Λνάχαρ

228 3101 282 3148 σις,
304 3076 430 3146 Γνούρου
449 3072 511 3139 υίὸς
529 3077 580 3131 τοῦ
601 3074 735 3149 βασιλέως
749 3079 887 3148 Σκυθῶν,
907 3077 1009 3149 μητρὸς
1028 3076 1056 3135 δ’
1068 3077 1241 3151 Ἑλληνίδος,
1260 3076 1305 3133 διὸ
1325 3079 1373 3131 καί

227 3164 377 3231 δίγλωσσος
395 3151 439 3226 ην.
477 3148 559 3219 οὖτος
583 3150 711 3222 έξενύθη
735 3151 766 3210 ἐν
788 3151 918 3226 Ἀθήναις
936 3157 1047 3216 Σόλωνι
1069 3160 1118 3215 καί
1141 3155 1309 3216 ἐπανελθὼν
1332 3155 1374 3219 είς

226 3239 278 3311 τὴν
302 3241 435 3295 Σκυθίαν
460 3236 515 3307 ἔθη
534 3232 683 3306 Ἑλληνικά
707 3232 899 3305 παραδιδάξαι
924 3234 1063 3309 ἐτοξεύθη
1087 3235 1144 3294 ῦπό
1170 3240 1219 3293 τοῦ
1245 3233 1373 3306 άδελφοῦ

227 3322 276 3376 καί
294 3316 447 3376 άποπνέων
466 3316 535 3388 ἔφη·
555 3313 604 3372 διά
623 3314 674 3387 μὲν
693 3312 743 3370 τὸν
762 3312 846 3385 λόγον
865 3312 896 3371 έκ
911 3318 960 3386 τῆς
974 3315 1108 3382 Ἑλλάδος
1127 3315 1255 3388 ἐστάθην,
1273 3314 1321 3373 διὰ
1341 3316 1372 3372 δὲ

227 3399 276 3457 τὸν
296 3396 411 3470 φθόνον
427 3397 457 3455 ίν
477 3400 510 3470 τῇ
529 3399 645 3467 πατρίδι
658 3392 814 3468 άνηρέθην.
848 3394 887 3450 cf.
908 3398 1018 3455 Unters.
1037 3418 1063 3469 p.
1079 3406 1121 3455 89.
1151 3398 1263 3454 Erravit
1279 3398 1373 3465 Dossb,

228 3481 262 3535 de
277 3482 351 3538 Viol.
366 3501 393 3551 p.
411 3487 445 3536 24
502 3487 517 3534 3
540 3476 666 3549 Γνούρου
685 3475 792 3533 correxi
811 3493 845 3531 cx
864 3477 944 3548 Diog.
965 3480 1052 3536 schol.
1076 3479 1144 3535 Plat.
1164 3479 1240 3535 Εκιί.
1261 3477 1373 3548 Γνύρου

227 3563 294 3617 libri
308 3563 387 3617 Saia.
447 3569 464 3616 4
483 3560 632 3616 Καδουΐδα
649 3559 784 3630 Didymos
797 3560 927 3613 Καδουία
947 3561 1013 3615 libri
1031 3561 1111 3615 Suid.
1167 3565 1183 3614 b
1202 3556 1335 3615 Σκυθικά
1350 3563 1373 3610 Α

227 3643 383 3696 Σκυθικῶν
400 3647 419 3694 Β
439 3642 565 3695 Σκυθῶν
582 3647 603 3693 E
622 3641 694 3709 υκίμ.
763 3633 812 3692 τὸν
831 3635 872 3700 είς
890 3635 940 3693 τὸν
957 3645 980 3692 Α
1058 3643 1158 3711 dpost
1175 3641 1237 3712 βίον
1255 3640 1372 3694 lacunae

227 3721 337 3789 signum
363 3722 516 3790 posuerunt
537 3720 704 3788 Bernhardy
728 3718 863 3772 Wcsterm.
962 3712 1025 3790 εῦρε
1047 3753 1080 3761 -
1100 3721 1166 3776 erit.
1186 3737 1219 3796 ex
1239 3718 1373 3796 Diogenis

134 3822 176 3848 r...
227 3802 288 3855 loco
309 3800 395 3855 citato
414 3799 563 3869 adscripsit
582 3798 682 3853 Suidas

297 3890 333 3944 LI
352 3890 428 3946 Eud.
448 3909 473 3959 p.
493 3895 544 3943 100
611 3895 642 3942 13
662 3888 696 3942 δε
714 3887 853 3943 Hellanici
872 3891 1024 3961 sententia,
1044 3908 1128 3962 quam
1147 3891 1271 3947 invenies
1286 3890 1371 3946 etiarn

227 3970 403 4122 μηηυηθηλιολ.
422 3970 490 4025 bibl.
508 3987 535 4040 p.
555 3976 621 4038 488,
640 3969 674 4024 cl.
695 3968 788 4039 Stura,
807 3970 916 4027 Hellen.
936 3990 963 4043 p.
985 3980 1035 4030 103
1050 3984 1117 4042 seq:
1140 3970 1242 4027 Miiller
1259 3973 1271 4026 I
1290 3991 1316 4042 p.
1337 3977 1371 4025 00

297 4140 346 4193 LlI
365 4141 440 4196 Eud.
456 4159 482 4210 p.
496 4148 544 4195 101
557 4144 623 4210 etp.
635 4146 694 4207 121,
709 4158 763 4209 quo
777 4141 838 4198 loco
853 4144 916 4198 add.
933 4140 963 4198 ίν
976 4138 1175 4215 Ἀλεξανδρείᾳ,
1190 4158 1262 4210 quse
1273 4158 1307 4196 ex
1321 4159 1371 4196 sno

225 4221 305 4276 illam
319 4221 460 4276 addidisse
474 4238 530 4276 non
544 4221 647 4290 probat
657 4221 772 4290 Pulcbp.
784 4228 825 4279 82.
842 4224 907 4279 lnde
923 4227 985 4278 orta
999 4221 1100 4276 Suidae
1115 4221 1153 4290 gl.
1169 4216 1371 4289 Φιλαδελφεύς,

228 4300 438 4370 Φιλαδελφέως,
455 4298 517 4363 υίός
534 4297 767 4371 Ἀνδροκλείδους,
786 4321 869 4371 qnam
888 4320 942 4358 om.
958 4308 981 4355 Δ
999 4300 1134 4371 expunxit
1151 4300 1317 4372 Bernhardy

229 4389 262 4437 14
281 4384 330 4438 τοῦ
350 4384 445 4438 Λυδοῦ
464 4384 514 4438 τοῦ
534 4387 640 4435 ssu
659 4386 717 4436 sle.
737 4382 786 4436 τοῦ
806 4385 901 4437 Λυδοῦ
923 4384 1026 4438 Portus
1047 4381 1143 4436 Λυδοῦ
1162 4381 1212 4435 τοῦ
1233 4382 1371 4436 Kuetcrus

227 4464 277 4517 τοῦ
296 4466 391 4532 Ληδοῦ
411 4465 460 4518 τοῦ
481 4464 555 4518 Eud.
575 4482 600 4532 p.
623 4469 670 4515 101
692 4464 787 4517 Λυδοῦ
807 4463 912 4531 Ειιιί.*)
936 4463 986 4517 τοῦ
1006 4460 1150 4518 Λνδευτοῦ
1171 4460 1246 4516 End.
1272 4481 1298 4531 p.
1320 4468 1369 4516 127
