3036 5114
612 327 898 385 PROLEGOMENA.
1216 323 1332 378 XXXIX

276 495 364 571 Quae
388 495 417 560 si
439 497 525 559 recte
549 517 583 558 se
606 492 741 573 habent,
765 491 826 557 hoo
844 491 985 556 vitarum
1009 493 1147 554 stemma
1170 511 1331 575 apponere

186 601 309 669 licebit:

594 787 757 856 Hesychii
780 786 928 857 epitome

187 920 305 976 Violarii
323 923 421 976 auctor
620 919 721 975 Suidae
741 920 910 989 archetypus
929 935 1000 973 saec.
1015 918 1039 971 X
1064 917 1225 974 maiusculis
1243 917 1332 972 literis

241 1008 312 1048 saec.
326 992 366 1047 XI
811 989 984 1060 conscriptus
1004 990 1153 1060 (perditus)

292 1123 317 1171 x
336 1134 408 1173 saec.
428 1117 465 1171 x1
480 1071 1164 1188 <affini
1185 1114 1332 1185 (perditus)
1415 1087 1433 1109 ⁸

300 1266 350 1314 AV
370 1265 502 1330 (quocum
521 1259 645 1315 concinit
663 1265 691 1328 c)
852 1263 902 1311 BE
922 1258 957 1313 al.
976 1258 995 1313 i.
1011 1275 1034 1312 e.
1053 1258 1133 1313 codd.
1153 1255 1305 1312 deteriores

404 1338 464 1387 vat.
485 1338 610 1387 romoni

826 1407 893 1457 laed.
914 1405 1009 1471 (quarn
1027 1335 1096 1456 cori.
1117 1400 1332 1470 Chalcondylas)

687 1551 746 1601 Ald.
769 1546 829 1613 (sed
848 1546 882 1600 cf.
898 1478 1077 1614 Bernhardy,¹
1092 1546 1180 1614 praef.
1199 1564 1225 1616 p.
1247 1545 1332 1614 xell)

568 1639 801 1740 lnterpolaliones
821 1669 941 1724 Violarii
1047 1676 1107 1726 Bas.
1128 1673 1208 1740 (corr.
1228 1670 1330 1742 editor)

416 1771 704 1798 N——q
712 1771 965 1796 ——d

507 1812 689 1868 correcturae
707 1813 828 1869 Violarii
1082 1752 1259 1870 Genev'ensis.
1333 1817 1334 1820 ’

275 1996 398 2073 Quibus
427 1997 597 2080 expositis,
624 2017 733 2080 nemo,
761 1996 888 2082 opinor,
913 1997 1062 2081 miratur,
1090 1997 1174 2081 quod
1198 1998 1231 2062 in
1254 2019 1332 2061 uon·

186 2105 285 2170 nullis
309 2087 448 2168 vitarum
472 2104 552 2169 locis
576 2108 609 2168 et
639 2125 750 2168 omnes
773 2101 888 2168 Suidae
912 2104 988 2170 libri
1016 2109 1049 2169 et
1067 2104 1206 2170 Violarii
1234 2105 1332 2170 codex

185 2211 342 2276 lectiones
374 2209 546 2275 mendosas
577 2211 757 2295 continent,
791 2233 871 2296 quas
901 2234 939 2277 ex
970 2211 1128 2295 Hesychii
1158 2211 1332 2277 Onomato-

187 2319 264 2403 logo
288 2340 352 2383 non
382 2318 513 2383 fluxisse
537 2319 604 2383 veri
628 2319 830 2384 simillimum
854 2323 918 2403 est3
946 2319 1031 2404 quod
1060 2341 1175 2385 moneo
1193 2325 1332 2405 ¹propter

185 2425 293 2509 Dauo,
317 2423 407 2491 Stud.
429 2447 460 2509 p.
482 2426 543 2491 138
569 2426 608 2491 al.
647 2426 801 2491 Attamen
825 2431 951 2511 partem
975 2427 1177 2511 mendorum,
1200 2427 1331 2511 potissi·

187 2555 274 2597 mum
299 2533 332 2596 in
351 2532 535 2598 nominibus
555 2533 708 2618 propriis,
733 2534 804 2618 quis
824 2537 874 2598 est
896 2534 951 2619 qui
969 2534 1034 2598 iam
1055 2534 1096 2599 ab
1117 2534 1331 2618 epitomatore

184 2639 365 2723 profectam
389 2661 460 2705 esse
478 2640 598 2724 neget?
638 2638 701 2704 Vel
725 2640 766 2705 ab
790 2642 861 2725 ipso
881 2639 1058 2725 Hesychia,
1082 2641 1136 2725 qui
1160 2641 1195 2704 in
1218 2641 1330 2706 multis

185 2746 429 2831 quaestionibus
452 2750 622 2832 tantopere
646 2770 764 2814 avere
789 2741 974 2814 aberrarit?

272 2852 357 2918 Hinc
380 2858 484 2919 totam
502 2855 631 2921 Pulchii
649 2855 758 2921 thesin
782 2856 976 2921 labefactam
998 2877 1068 2921 esse
1092 2855 1215 2939 opinor.
1253 2854 1330 2939 Epi·

183 2944 269 3026 to'nre
303 2962 388 3025 enim
416 2961 647 3048 Onomatologi
678 2964 705 3027 si
735 2968 846 3029 auctor
875 2962 1027 3048 Violarii,
1060 2963 1241 3048 quicunque
1271 2966 1329 3046 est,

182 3069 348 3152 utebatur,
376 3070 503 3135 saeculo
530 3069 697 3136 undecimo
725 3071 753 3134 is
781 3070 949 3154 scripsisse
972 3070 1134 3156 putandus
1163 3074 1226 3153 est,
1256 3091 1328 3134 cum

183 3175 312 3242 saeculo
332 3175 520 3242 duodecimo
540 3177 630 3242 illam
648 3177 713 3241 iam
732 3177 893 3243 interiisse
908 3179 1140 3263 supradictum
1159 3179 1211 3242 sit.
1245 3176 1328 3242 Tum

183 3289 290 3350 autem
319 3283 459 3368 plurima
485 3285 566 3369 fere,
598 3307 680 3368 quae
708 3284 746 3349 de
778 3285 1016 3371 exemplaribus
1045 3287 1133 3372 typis
1166 3285 1327 3369 expressis

181 3390 283 3456 Pulch
302 3390 452 3475 protulit,
471 3391 627 3456 infirmari
641 3392 874 3476 falsariumque
890 3393 1001 3457 abillo
1017 3393 1158 3458 effictum
1173 3392 1206 3456 in
1221 3395 1327 3456 a'e'rem

182 3498 315 3564 dissolvi
338 3519 467 3563 necesse
493 3503 555 3583 cst,
580 3521 775 3584 quamquam
802 3504 914 3565 nostro
933 3498 1082 3565 Violario
1104 3499 1263 3565 nonnulla
1287 3520 1326 3563 ex

183 3605 278 3671 editis
298 3606 391 3671 libris
414 3605 560 3691 inspersa
583 3627 652 3672 esse
675 3627 796 3692 negare
818 3606 962 3692 nolim.¹)

180 3759 394 3770 —————

255 3856 280 3920 1)
302 3853 536 3916 Pluuvorinum
558 3853 736 3924 potissimum
753 3853 879 3925 excipere
901 3856 989 3924 malo,
1014 3854 1133 3925 quiade
1152 3871 1185 3909 eo
1205 3854 1241 3908 ab
1263 3856 1326 3911 aliis

180 3938 245 4006 post
262 3935 373 3991 Pulchii
391 3935 524 3992 subtilem
545 3934 771 3990 &cremationem
791 3933 983 4002 quaestionem
1003 3935 1093 3989 denuo
1112 3934 1271 3990 institutum
1291 3936 1325 3990 iri

181 4031 272 4086 spero.
301 4016 359 4070 Nec
378 4016 470 4070 minus
489 4034 533 4071 ree
553 4016 587 4072 de
605 4015 745 4071 nonnullis
765 4014 908 4070 Cornuti
926 4015 1057 4071 editionis
1071 4014 1240 4071 Basileeneia
1258 4017 1324 4072 arti-

180 4095 251 4151 culis
277 4100 404 4152 constare
430 4095 555 4166 videtur‚
582 4097 655 4166 quod
681 4096 730 4150 ille
756 4115 782 4166 p.
801 4103 835 4151 70
861 4095 1015 4152 certissimo
1042 4097 1127 4151 evicit
1152 4100 1323 4166 argumento.

181 4175 321 4242 Quidnam
338 4194 405 4233 vero
424 4179 459 4232 dc
477 4182 590 4233 auctore
612 4177 729 4232 Violarii
748 4176 878 4244 eflicitur,
902 4177 926 4231 si
947 4177 1077 4231 librarius
1101 4177 1204 4231 saeculi
1223 4177 1324 4233 decimi

180 4256 270 4325 quinti
296 4256 342 4312 vel
368 4258 438 4312 sexti
464 4257 601 4325 quaedam
627 4274 661 4312 ex
687 4257 855 4313 editionibus
881 4257 1031 4313 correxerit
1058 4257 1102 4312 vcl
1129 4258 1323 4328 descripserit?

179 4367 214 4376 -
233 4336 360 4406 Denique
378 4353 492 4406 moneo,
511 4338 658 4393 Pulchium
672 4356 699 4408 p.
715 4345 749 4393 45
765 4356 821 4407 seq.
841 4339 927 4393 etiam
941 4337 975 4392 dc
990 4337 1197 4393 commentariis
1212 4339 1323 4395 Nonni

179 4415 338 4486 abbatis,
353 4417 493 4472 Eudociae
508 4417 593 4487 fonte,
612 4422 686 4473 recte
701 4419 845 4489 iudicasse,
864 4419 939 4488 quod
953 4418 1246 4488 postquamegregius
1261 4420 1321 4477 cod.

180 4496 367 4568 Tubingensis
385 4498 413 4552 M
433 4503 458 4553 6.
473 4505 508 4553 40
521 4499 674 4556 membran.
689 4517 760 4555 saec.
775 4499 827 4569 XI,
847 4516 902 4568 quo
922 4498 1005 4570 Greg.
1020 4498 1087 4553 Nar.
1104 4498 1243 4555 orationes
1258 4516 1321 4555 con-
