3036 5114
638 326 854 383 HESYOHIUS.
1254 325 1314 390 101

173 493 296 577 ἔγραψε
315 486 766 577 συμβουλευτικούς,,,τέχνην
785 486 976 576 ῥητορικήν,
995 492 1144 575 παίγνια,
1163 484 1318 574 ἀφορμὰς

174 595 360 683 ῥητορικάς.

262 703 504 771 OCCLXXVII.
528 698 713 787 Ἰάκωβος
726 699 887 788 Ἡσυχίου
905 701 979 782 υίὸς
998 705 1126 788 ἰατροῦ,
1146 699 1164 771 ὁ
1187 703 1317 789 έπικλή-
1344 750 1367 788 ρ,
1389 756 1506 790 Μ,

172 811 247 891 θείς
270 808 463 899 ψυχριστής,
488 811 523 877 ἐκ
545 811 606 876 τοῦ
629 810 769 896 ἐξάρχου
789 812 1025 896 Δαμασκηνοῦ.
1072 814 1119 888 είς
1136 806 1256 878 Ῥόδον
1280 809 1318 878 δέ

172 920 358 1005 γενομένου
376 921 437 986 τοῦ
455 915 590 1003 πατρός,
610 913 680 984 εἶτα
699 921 747 996 είς
762 919 941 1001 Δρέπανον
960 917 998 986 τό
1019 919 1055 984 ἐν
1070 915 1183 1005 ’Ἀργει
1199 916 1343 985 §isis-s

172 1052 243 1112 τος,
270 1025 366 1093 κάκεί
392 1023 560 1112 γήμαντος
586 1022 648 1110 τὴν
677 1026 710 1105 ἐξ
739 1020 845 1091 αῦτοῦ
872 1027 1034 1091 τεκοῦσαν
1061 1022 1121 1092 τὸν
1146 1023 1316 1112 Ἰάκωβον,

171 1132 411 1212 καταλιπόντος
434 1133 472 1202 δέ
493 1132 555 1219 τήν
579 1158 613 1200 τε
636 1130 783 1219 γαμετήν
806 1131 945 1199 καὶτὸν
964 1135 1078 1216 παῖδα,
1101 1132 1157 1199 καὶ
1176 1131 1315 1220 ἐκδημή-

173 1261 293 1321 σαντος
323 1241 375 1307 έπί
407 1246 460 1326 ἔτη
491 1239 543 1308 ιβ’
563 1248 622 1325 θείς
650 1266 684 1308 τε
710 1236 960 1327 Ἀλεξάνδρειαν
990 1240 1044 1306 καί
1071 1236 1229 1324 Ἰταλίαν,
1261 1240 1316 1306 καί

173 1346 253 1416 οὐδὲ
284 1362 447 1436 περιεῖναι
482 1350 677 1426 δοκοῦντος·
711 1343 796 1415 ὅθεν
827 1360 979 1433 γαμεῖται
1012 1345 1073 1433 μέν
1106 1344 1126 1432 ἡ
1156 1345 1316 1431 Ἰακώβου

171 1455 278 1543 μήτηρ
303 1456 445 1546 δευτέρῳ
468 1452 586 1539 άνδρί,
609 1455 664 1522 καὶ
688 1459 819 1522 παίδων
842 1451 926 1543 αὐτῇ
948 1457 1139 1541 γενομένων
1162 1453 1315 1538 ἀρρένων
1331 1480 1356 1519 ιο

172 1563 235 1632 δύο
258 1563 313 1630 καὶ
336 1568 474 1649 θηλείας
491 1566 626 1652 τελευτᾷ
644 1561 704 1630 τὸν
723 1567 800 1647 βίον
821 1559 838 1631 ὁ
858 1561 1008 1650 γαμήσας
1027 1560 1143 1648 αὐτήν,
1167 1560 1316 1629 ἐπάνεισι

172 1671 210 1740 δέ
236 1669 393 1757 Ἣσύχιος
425 1673 472 1748 είς
504 1668 880 1737 Κωνσταντινοόπολιν·
914 1667 995 1757 ὅπερ
1028 1666 1132 1755 γνοὺς
1161 1666 1317 1756 Ἰάκωβος

171 1771 255 1865 ἦλθε
283 1776 365 1864 πρὸς
392 1775 512 1864 αὐτόν,
538 1778 593 1844 καὶ
620 1775 693 1844 τότε
721 1780 874 1857 παιδείας
897 1775 1035 1864 ἤρξατο,
1063 1777 1118 1844 καὶ
1143 1775 1315 1864 ίάτρευσεν

173 1883 586 1954 ἐν’Κωνσταντινουπόλει
610 1883 662 1952 ἐπὶ
685 1885 831 1963 Λέοντος
853 1886 1023 1969 βασιλέως.

262 1991 520 2060 CCCLXXVIII.
536 1987 564 2058 Ἰ
566 1989 587 2057 ά
595 1997 765 2077 μβλιχος.
790 1981 899 2074 οὗτος,
914 1987 958 2070 ὥς
973 2010 1088 2076 φασιν,
1103 1990 1167 2060 άπὸ
1183 1990 1317 2060 δούλων
1331 2018 1357 2058 ιε

172 2090 227 2185 ἦν,
252 2103 374 2185 ἔγραψε
398 2097 435 2166 δὲ
457 2096 497 2165 τά
521 2096 710 2184 καλούμενα
729 2096 972 2183 Βαβυλωνιακά
996 2099 1081 2189 (ἔστι
1103 2097 1317 2167 δὲῬοδάνου

170 2207 225 2273 καὶ
246 2208 436 2285 Σινωνίδος
459 2209 542 2288 ἔρως
561 2208 597 2274 ἐν
621 2210 764 2290 βιβλίοις
787 2204 871 2292 λδ).
909 2196 1020 2290 [οὗτος
1043 2208 1129 2292 λέγει
1152 2207 1226 2290 ’περὶ
1247 2215 1316 2274 Ζω-

170 2317 256 2398 βαρά
293 2317 353 2381 τοῦ
390 2310 556 2400 εὐνούχου
592 2315 653 2380 τοῦ
690 2314 831 2399 ἐραστοῦ
870 2315 929 2398 τῆς
964 2319 1222 2401 Μεσοποταμίας
1258 2319 1317 2401 τῆς

174 2417 429 2504 εόειδεστάτης.]

260 2528 484 2596 CCCLXXIX.
515 2523 736 2613 Ἰάμβλιχος
759 2529 882 2613 ἕτερος,
908 2531 1072 2608 Χαλκίδος
1094 2533 1152 2615 τῆς
1176 2534 1315 2616 Συρίας,
1329 2557 1356 2596 ιο

53 2664 87 2697 ει..
103 2676 112 2691 ι
171 2633 367 2721 φιλόσοφος,
386 2632 539 2721 μαθητὴς
553 2639 755 2721 Πορφυρίου
771 2638 832 2702 τοῦ
846 2634 1037 2721 φιλοσόφου
1050 2640 1111 2704 τοῦ
1126 2643 1315 2721 Πλωτίνον,

170 2739 317 2827 γεγονός
352 2739 435 2809 κατά
471 2738 551 2820 τοὺς
582 2738 726 2827 χρόνους
759 2747 1022 2810 Κωνσταντίνου
1052 2746 1113 2810 τοῦ
1144 2745 1314 2828 βασιλέως.

171 2854 295 2935 ἔγραψε
317 2854 431 2935 βιβλία
454 2846 623 2934 φιλόσοφα
648 2846 804 2934 διάφορα.

242 3061 255 3108 1
276 3051 552 3124 συμβουλευτικάςν-
606 3061 622 3108 2
641 3052 713 3107 Huic
733 3053 807 3108 vitas
827 3054 918 3110 locum
933 3054 1079 3111 Michaelis
1098 3057 1246 3111 Nossaiias
1266 3056 1313 3110 sd-

168 3134 281 3205 scripsit
295 3135 403 3192 Suidas.
424 3135 553 3190 Ceismm
564 3135 597 3190 cf.
608 3134 694 3190 schol.
704 3135 811 3190 Platon.
823 3134 861 3187 VI
871 3153 897 3204 p.
907 3134 1072 3191 275Herm.:
1088 3132 1103 3191 ὁ
1118 3131 1314 3204 Χαλκηδόνιός

170 3210 245 3270 ἔστιν
260 3212 275 3268 ὁ
292 3213 485 3285 Θρασύμαχος,
500 3211 531 3277 ὃς
547 3211 681 3282 ἐδίδαξιν,
696 3209 734 3276 ὡς
748 3216 796 3269 δεῖ
806 3212 900 3270 οἶκτον
916 3212 1035 3284 ἐγείρειν
1050 3213 1099 3270 τὸν
1114 3213 1250 3285 δικαστήν
1265 3216 1313 3271 καί

171 3291 347 3349 ἐπισπᾶσθαι
367 3294 459 3360 ἔλεον,
478 3296 579 3364 γῆρας,
598 3296 714 3363 πενίαν,
733 3292 819 3349 τέκνα
839 3289 1055 3365 ἀποδυρόμενον
1073 3296 1122 3350 καί
1141 3294 1175 3351 τά
1195 3290 1279 3365 ὅμοια

240 3374 433 3430 CCCLXXVII
456 3393 510 3431 om.
531 3376 666 3430 Westerm.
705 3375 746 3429 De
769 3374 829 3429 viis
852 3375 995 3445 disputavi
1014 3377 1083 3431 Mus.
1104 3377 1191 3431 Rhsn.
1211 3375 1312 3430 XXXV

169 3475 196 3526 p.
212 3463 263 3511 232
279 3473 335 3527 seq.
356 3457 396 3513 cf.
412 3457 447 3511 de
462 3456 561 3515 eodem
576 3456 705 3510 Damaso.
721 3456 795 3525 apud
809 3455 890 3511 Phot.
906 3475 932 3526 p.
944 3462 1038 3521 344s3
1059 3474 1144 3526 aquo
1159 3457 1314 3527 Hesychius

168 3537 272 3605 pendet
320 3544 338 3590 4
356 3533 542 3607 ψυχόχριοτος
556 3535 638 3606 vulp,
657 3535 731 3605 quod
747 3552 816 3592 corr.
831 3536 993 3604 Salmasius,
1012 3532 1163 3604 ψίχρισιος
1177 3538 1313 3592 Κιωίωιιε
1354 3592 1358 3599 ,

168 3615 209 3678 είς
227 3613 259 3671 τὸ
279 3612 399 3685 ἐξάρχου
417 3619 490 3687 vulp.
511 3633 578 3672 corr.
594 3617 677 3672 Κκελ.
698 3612 729 3670 ἐκ
749 3614 867 3669 πάππου
887 3611 924 3682 ἐξ.
940 3616 1100 3671 Guischmid
1175 3623 1191 3672 8
1210 3618 1259 3671 καλ
1278 3613 1312 3671 οῦ

167 3700 240 3768 vulp.
259 3699 307 3751 καλ
322 3692 389 3752 οῦδὲ
405 3702 428 3750 Δ
442 3696 489 3751 καλ
504 3698 589 3753 τοῦδε
603 3703 626 3750 V
688 3702 720 3750 10
740 3690 866 3763 άρρένων
882 3713 935 3750 om.
950 3700 1024 3749 m
1080 3702 1112 3750 11
1128 3693 1180 3752 δύο
1195 3698 1313 3753 accessit

172 3794 206 3832 ex
224 3782 324 3830 Am

240 3855 420 3911 0chan
447 3855 486 3911 cf.
502 3856 584 3913 Phot.
599 3857 667 3912 bibl.
686 3876 712 3927 p.
730 3863 762 3912 73
782 3859 811 3912 et
829 3874 900 3926 quas
919 3856 990 3911 dixit
1008 3856 1119 3925 Rosia,
1138 3857 1184 3912 Gr.
1204 3857 1313 3913 Roman

167 3956 194 4007 p.
214 3943 263 3992 361
285 3940 342 3992 noi.
416 3944 449 3992 16
469 3933 653 4010 Βαβυλωνικά
671 3939 742 4007 vulp.
764 3932 968 4005 Βαβυλωνιακά
987 3940 1037 3988 Av
1109 3933 1207 4005 βοδῧῗ

169 4024 201 4072 17
221 4018 424 4078 ΣυνωνίδοςΔ
496 4015 537 4072 λε’
558 4022 612 4071 sod.
626 4024 686 4074 vst.
707 4017 781 4088 apud
799 4018 876 4083 Mai,
896 4018 978 4071 Nova
998 4017 1070 4071 Patr.
1091 4016 1154 4071 coll.
1176 4019 1198 4071 ΙΙ
1218 4037 1243 4087 p.
1260 4025 1312 4075 348

168 4097 260 4165 (phot,
280 4092 311 4150 έν
326 4094 368 4159 οἷς
383 4093 398 4150 ὁ
415 4114 442 4156 ις
456 4074 589 4166 siplae.
605 4098 837 4166 συμπληροῦται),
858 4097 958 4166 quibus
973 4097 1008 4150 de
1023 4097 1216 4166 discrepsniiis
1231 4099 1310 4154 dubi-

167 4178 259 4231 iantsr
277 4176 336 4245 egit
355 4176 463 4244 Rohds,
482 4179 500 4232 l.
521 4196 543 4233 ο.
563 4198 589 4249 p.
609 4181 736 4234 3641101.
757 4185 773 4232 2
847 4186 879 4232 17
899 4195 955 4247 seq.
976 4177 1077 4234 Suidse
1096 4178 1231 4234 debentur

169 4262 201 4311 18
221 4259 478 4324 ΜεσοποταμίαςΔ
498 4257 579 4312 Phot.
598 4256 737 4327 μεσόπτης
754 4263 801 4311 ΒΕ
821 4257 882 4312 edd.
903 4262 970 4313 vett.

239 4336 418 4392 CCCLXXIX
438 4337 512 4394 Eud.
528 4355 553 4406 p.
566 4343 625 4392 396.
645 4338 685 4392 cf.
701 4338 806 4408 Eunsp.
823 4342 834 4393 Ι
849 4358 875 4408 p.
891 4346 922 4392 11
934 4356 991 4408 seq.
1047 4346 1081 4395 20
1099 4335 1199 4413 Ἰάμβλ.
1220 4335 1235 4393 ὁ
1252 4344 1310 4408 φιλ.

167 4435 221 4473 om.
241 4416 334 4487 ἕτερος
353 4417 428 4470 Eud.
519 4424 552 4471 21
574 4419 717 4473 Πλωτίνου
741 4415 882 4474 άκονοτοῦ
900 4421 973 4487 vulp.
994 4418 1066 4473 Ειιδ.
1092 4415 1232 4474 άκουστοῦ
1252 4436 1306 4476 om.

169 4492 271 4552 sm
344 4503 378 4551 23
398 4498 477 4567 διαφ.
499 4501 523 4573 β.
543 4519 573 4568 φ.
593 4498 670 4553 Εκδ.
707 4498 754 4553 καλ
775 4495 919 4570 φιλόσοφοι
937 4504 984 4552 BE
