3036 5114
566 320 847 377 PROLEGOIIENA.
1192 317 1278 371 LXIll

134 493 305 574 apparent,
334 510 431 574 quam
459 489 493 552 in
517 486 719 571 Hieronymo
744 487 835 552 etin
859 483 984 551 Graeca
1008 481 1182 567 Sophronii
1210 505 1277 548 vcr-

134 597 231 660 sioue.
271 595 447 660 Potissima
470 600 578 660 autem
602 595 670 659 eius
694 594 741 659 rei
765 595 911 679 exempla
934 595 1024 674 sunt,
1048 590 1133 676 quod
1156 612 1184 654 v.
1211 592 1278 653 Φί·

133 708 212 768 λων
233 700 261 767 Ἰ
264 704 336 767 ουδ
343 713 428 780 αῑος
451 704 485 767 in
509 700 626 767 Suidae
650 702 718 766 vita
741 702 860 786 legitur
882 698 957 782 περὶ
978 694 1154 763 Ἰουδαίων
1178 693 1222 778 α’,
1245 697 1277 760 in

135 809 328 894 Hieronymi
355 812 392 876 de
414 810 553 887 Iruloeis,
582 811 615 874 iu
639 806 813 894 Soplrronii
840 806 915 891 περὶ
945 801 1136 886 Ἰουδαίων,
1168 804 1278 888 paullo

134 923 209 1002 post
232 919 266 982 in
290 915 408 982 Suidae
431 918 500 981 vita
523 913 597 999 περὶ
625 917 685 980 τοῦ
709 913 882 992 Μωυσέως
905 916 998 998 βίου,
1027 913 1074 988 είς
1101 906 1141 1005 ric
1164 934 1278 995 χερον-

134 1027 208 1108 βίμ,
236 1022 383 1090 τουτέστι
407 1019 469 1107 την
492 1025 659 1107 ῳλογίνην
683 1021 870 1107 ῥομφαίαν,
898 1022 945 1099 είς
972 1014 1034 1104 τὴν
1057 1015 1279 1103 πεντότευχον

136 1130 309 1209 Μωυσέως
331 1128 385 1196 καὶ
415 1132 462 1208 είς
485 1124 590 1195 αὐτὸν
613 1131 681 1197 τῶν
704 1130 860 1214 Μωυσῆν
884 1124 979 1211 λόγοι
1003 1123 1078 1214 ε’ῗ),
1109 1127 1143 1191 in
1166 1124 1278 1190 Hiero·

35 1266 38 1271 ·
134 1240 224 1324 nymi
252 1262 363 1304 eorum
392 1240 462 1304 loco
492 1239 657 1324 leguntur:
688 1243 761 1303 arear
782 1243 810 1303 et
831 1238 898 1301 alia
925 1237 990 1300 cias
1012 1239 1209 1300 ιιιοιιαυιωιίο
1231 1234 1279 1298 ι’κ-

131 1349 230 1429 γικίί,
261 1369 339 1429 qaae
368 1347 404 1410 ιἰι
426 1350 548 1410 costros
571 1366 684 1411 ινοιιαο
713 1366 777 1409 non
800 1348 1017 1427 γονυοκονιιιιί,
1047 1342 1082 1407 iu
1104 1340 1280 1425 Sophronii

135 1452 198 1519 εἰσὶ
221 1451 277 1518 καὶ
304 1453 398 1537 ἕτερα
426 1448 681 1537 συγγράμματα,
711 1446 804 1517 οὕτω
833 1453 880 1528 είς
907 1448 965 1527 τὰς
990 1446 1070 1534 ἐμὰς
1097 1460 1208 1535 χεῖρας
1231 1447 1281 1512 ἐλ-

134 1556 253 1625 θόντα.
298 1560 336 1625 In
361 1584 389 1625 v.
414 1554 600 1643 Ἰώσηπος
628 1563 735 1624 autem
759 1556 874 1623 Suidae
899 1558 1034 1642 praebet
1056 1558 1114 1639 της
1139 1551 1280 1621 Ἰουδαί-

134 1668 194 1751 κίγς
226 1661 460 1753 ἀρχαιολογίας
493 1663 629 1749 λόγους,
661 1665 879 1749 Hieronymus
911 1666 1144 1746 Δαίιηαίίοίιιυι
1180 1663 1281 1744 libros,

136 1773 338 1860 Sophronias
361 1775 419 1858 της
442 1769 676 1859 ἀρχαιολογίας
699 1769 835 1856 λόγους,
866 1795 894 1837 v.
920 1764 946 1836 Ἰ
950 1781 1137 1847 ουστῖνος
1165 1767 1281 1834 Suidae

136 1882 175 1966 τῇ
199 1878 372 1970 συγκλήτῳ
391 1875 578 1966 Ῥωμαίων,
602 1878 734 1943 Hieron.
757 1881 893 1962 οωιιι-ί-ιιί,
916 1877 1015 1963 Soph.
1039 1879 1078 1963 τῇ
1096 1873 1281 1965 συγκλήτῳ,

136 2008 210 2052 mox
229 1988 264 2051 in
283 1988 396 2053 eadem
417 1989 484 2053 vita
499 1987 615 2053 Suidas
635 1981 783 2070 ἀρχηγοῦ
802 1988 870 2051 τῶν
889 1986 926 2051 ἐν
946 1980 1073 2074 Ἐφέσῳ
1095 1979 1281 2066 Ἰουδαίων,

137 2092 269 2159 Hieron.
286 2097 460 2178 principem
483 2096 686 2177 Indaeorum,
710 2092 808 2179 Soph.
833 2087 984 2177 ἀρχηγοῦ
1006 2092 1075 2158 τῶν
1095 2085 1281 2170 Ἰουδαίων,

137 2221 164 2265 v.
187 2197 393 2285 Θεόδωρος
417 2201 533 2268 Suidae
557 2198 716 2285 θαύματα
738 2195 822 2284 ὑπὲρ
841 2195 1042 2285 ἄνθρωπον,
1066 2197 1200 2264 Hieron.
1223 2200 1281 2263 ιιιί-

135 2308 257 2391 raeda,
285 2306 383 2393 Sopla
410 2307 583 2395 θαύματα,
614 2332 688 2374 mox
714 2306 828 2373 Suidae
858 2304 1068 2391 ἐτελεύτησεν
1096 2301 1146 2371 ἐτ’
1173 2301 1281 2390 Aripp-

136 2416 266 2491 λιανοῦ,
290 2416 409 2501 quade
433 2441 466 2482 re
490 2409 600 2483 tacent
620 2416 839 2502 Hieronymus
863 2418 896 2478 et
915 2413 1130 2500 Sophronias,
1154 2437 1182 2478 v.
1202 2411 1281 2477 Δό-

136 2540 259 2605 μασος
282 2521 396 2590 Suidae
420 2528 543 2610 ἔγραψε
566 2522 621 2590 καὶ
645 2519 729 2589 ἄλλα
752 2519 871 2600 πολλά,
901 2544 983 2607 quae
1007 2544 1068 2586 orn.
1091 2519 1224 2587 Hieron.
1248 2525 1282 2585 et

137 2628 243 2714 Soph.,
268 2654 294 2695 v.
313 2626 544 2717 Ἐπιῳόνιος
568 2631 684 2698 Suidas
704 2631 958 2706 Κωνσταντείας
976 2629 1033 2713 τῆς
1052 2625 1195 2712 Κόιιρου
1214 2627 1282 2694 tac-

137 2753 273 2813 σκοιιος,
300 2737 358 2820 τῆς
384 2734 548 2822 πρότερον
572 2741 783 2823 Σαλαμίνης,
811 2737 943 2803 Hieron.
967 2735 1063 2820 Cypri
1085 2735 1283 2802 Salaminiae

136 2844 303 2927 episcopas,
333 2844 430 2930 Soph.
459 2842 602 2932 Κύπρου
630 2849 759 2930 Σαλαμ.
785 2845 849 2927 aba,
880 2868 908 2910 v.
936 2840 1143 2919 Μεθόδιος
1167 2842 1282 2908 Suidae

137 2951 278 3032 Λυκίας,
300 2945 374 3033 ἦτοι
403 2947 581 3035 Πατάρων,
605 2952 739 3019 Hieron.
762 2953 889 3036 Lycao,
912 2950 1009 3037 Soph.
1034 2953 1160 3027 Λυκίας
1183 2951 1224 3014 al.

224 3065 296 3130 Iam
319 3065 361 3130 ad
384 3067 587 3151 propositum
609 3072 757 3134 nostrum
778 3069 919 3134 transire
938 3067 1057 3132 licebit
1094 3064 1175 3132 Cum
1194 3067 1280 3131 enim

137 3171 292 3236 eiusmodi
326 3173 420 3257 locis,
453 3195 534 3258 quos
567 3176 767 3259 enumeravi,
799 3197 901 3260 neque
933 3197 970 3239 ex
1003 3174 1105 3239 multo
1134 3173 1281 3239 uberiore

138 3275 320 3362 Sophronio
340 3278 374 3366 (i.
388 3301 413 3344 e.
434 3280 533 3345 etiam
547 3279 762 3370 Hieronymo)
781 3280 915 3347 Suidam
936 3304 995 3346 sua
1013 3281 1159 3346 hausisse
1178 3304 1281 3366 neque

137 3386 297 3469 exipsius
321 3387 451 3472 iugenio
471 3388 631 3454 addidisse
650 3389 822 3474 probabile
842 3391 893 3474 sit,
917 3389 996 3456 duos
1015 3389 1156 3454 vitarum
1174 3390 1281 3455 fontes

138 3492 301 3559 adhibitos
330 3516 401 3558 esse
428 3496 568 3580 patebit,
598 3497 683 3582 quod
711 3502 797 3563 certe
825 3520 844 3562 a
868 3495 985 3562 Suidae
1013 3497 1140 3561 ratione
1168 3498 1281 3581 procul

138 3599 312 3665 abhorrere
340 3601 410 3686 quia
439 3606 489 3666 est
516 3604 571 3689 qui
599 3605 750 3691 ignoret?
796 3604 910 3689 Itaque
936 3627 974 3669 ex
997 3603 1145 3668 Philonis
1172 3603 1280 3668 ludaei

137 3707 260 3791 glossa,
290 3709 361 3792 quis
385 3705 502 3774 Suidae
526 3690 684 3777 eiusmodi
708 3713 792 3777 vitas
816 3711 1044 3796 suppeditant,
1071 3712 1161 3776 nullo
1185 3733 1281 3796 opcrc

138 3813 314 3880 edocemur.
362 3816 466 3891 Quam
491 3816 519 3880 si
542 3819 723 3885 accuratius
747 3820 984 3903 examinamus,
1007 3825 1083 3903 post
1106 3819 1206 3882 verba
1228 3816 1281 3884 λό-

136 3943 190 4003 γοι
219 3918 248 3985 a'
273 3922 358 3987 vitae
381 3923 493 3987 ordine
517 3926 716 4009 compositae
739 3930 773 3990 et
796 3926 962 4011 eleganter
985 3926 1134 3991 redactae
1158 3927 1280 3991 exitum

138 4048 208 4091 esse
236 4033 326 4112 patet
352 4026 479 4116 (eadem
506 4031 540 4094 in
569 4032 667 4097 verba
698 4032 816 4098 desiuit
843 4034 942 4098 etiam
970 4034 1038 4114 vita
1065 4035 1106 4098 ab
1135 4032 1281 4100 Hudocia

138 4157 168 4219 p.
182 4135 243 4200 721
256 4157 321 4221 seq.
335 4135 522 4221 descripta),
536 4138 634 4204 verba
648 4139 783 4224 λέγουσι
797 4141 919 4206 τοῦτον
932 4178 969 4188 -
983 4135 1148 4225 ωῳέλειαν
1162 4144 1280 4226 ἔχοντα

138 4261 175 4303 ex
197 4241 308 4305 eodem
324 4240 456 4308 Suidam
480 4244 570 4309 fonte
589 4246 628 4310 ad
652 4248 784 4312 verbum
804 4248 1028 4333 adscripsisse,
1052 4249 1136 4313 unde
1154 4249 1281 4332 reliqua

210 4403 235 4467 1)
253 4399 314 4455 Hac
333 4418 361 4456 re
381 4401 498 4457 fortasse
515 4402 616 4457 Suidae
634 4402 750 4474 fallitur,
770 4405 836 4474 quia
854 4406 883 4460 in
898 4405 1046 4476 Sophronii
1066 4408 1124 4464 vita
1137 4409 1220 4461 antea
1239 4407 1278 4460 le-

136 4479 213 4549 gItnr
231 4478 272 4543 τίς
289 4480 373 4536 πέντε
392 4479 492 4551 λόγους
510 4482 663 4547 Μωυσέως.
