3036 5114
596 333 877 393 Pnonnsonnna.
957 374 960 379 -

567 645 688 736 Caput
712 645 884 719 alterum.

151 831 200 885 De
228 828 269 884 lla
295 829 407 896 llbrla,
436 828 563 899 quibua
586 827 821 897 onomatologl
848 826 1012 896 reliquiae
1040 831 1196 884 servatae
1219 828 1296 885 sint.

240 980 392 1045 Omnium
417 982 540 1067 primus
559 980 716 1066 Hesychii
733 980 1008 1065 Onomatclogum
1032 979 1081 1043 vel
1101 979 1169 1044 eius
1193 979 1297 1064 epito—
1320 985 1341 1063 ἓ
1364 985 1377 1046 l

150 1110 223 1152 men
243 1087 392 1153 adhibuit
411 1087 629 1153 scholiasta
642 1089 881 1167 Platonicus,
901 1087 987 1173 quod
1000 1086 1165 1172 perspexit
1179 1085 1297 1168 Rohde,

149 1193 231 1258 Mus.
249 1192 354 1259 Rhen.
372 1194 516 1260 XXXIII
543 1218 573 1280 p.
594 1194 674 1279 205,
702 1195 758 1279 qui
781 1194 1003 1280 Pythagorae,
1031 1192 1172 1277 Solonis,
1199 1190 1296 1258 Creo-

150 1301 253 1386 phyli,
276 1302 490 1386 Protagorae,
513 1300 641 1367 Prodici
664 1302 749 1366 vitas
773 1301 807 1365 in
830 1300 962 1368 scholiis
986 1300 1027 1365 ad
1047 1299 1294 1385 Rempublicam

150 1409 286 1474 servatis
315 1407 376 1495 (VI
405 1432 435 1493 p.
454 1409 519 1474 359
541 1432 607 1494 seq.
634 1407 759 1495 Herm.)
795 1431 833 1473 cx
865 1407 1024 1493 Hesychii
1055 1406 1295 1491 Onomatologo

149 1515 280 1581 fluxisse
304 1515 544 1582 demonstravit.
591 1515 714 1592 Quibu's
737 1537 799 1601 ego
823 1515 949 1581 Unters.
968 1538 998 1600 p.
1017 1515 1059 1580 87
1085 1514 1186 1580 adieci
1210 1515 1296 1579 vitas

149 1621 310 1706 Thaletis,
343 1622 497 1708 Lycurgi,
529 1622 728 1688 Anacharsis
760 1623 926 1708 fusiusque
959 1622 1005 1687 ihi
1037 1621 1076 1686 de
1108 1620 1297 1685 diversitate

148 1728 297 1792 lectionis
326 1727 504 1812 disputavi,
530 1729 573 1793 ib.
592 1753 622 1815 p.
642 1730 685 1795 90
708 1751 745 1794 ex
769 1729 903 1795 scholiis
926 1729 960 1793 in
984 1726 1188 1793 Alcibiadem
1212 1726 1295 1792 vitas

149 1834 287 1900 Zenonis
306 1840 339 1900 et
353 1836 567 1922 Anaxagorae
587 1834 649 1923 (VI
663 1859 694 1921 p.
709 1834 788 1921 279)
807 1836 938 1901 fluxisse
953 1834 1140 1900 dubitanter
1154 1833 1296 1917 suspica·

148 1945 211 2005 tus.
255 1940 359 2017 Quam
383 1943 607 2026 quaestionem
630 1941 815 2026 nuperrime
838 1941 1030 2006 retractavit
1052 1939 1229 2019 Mettauer,
1257 1938 1295 2003 de

148 2045 231 2111 Plat.
246 2046 346 2114 schol.
360 2047 507 2114 fontibus
523 2047 645 2134 (Turici
662 2046 778 2132 1880),
798 2048 907 2133 quide
922 2047 1086 2113 nonnullis
1106 2046 1197 2129 vitis,
1215 2067 1296 2130 quas

148 2152 244 2217 modo
264 2155 458 2238 enumeravi,
482 2176 548 2220 non
567 2154 733 2219 dubitasse
753 2155 890 2234 videtur,
914 2154 987 2219 aliis
1006 2154 1040 2218 in
1059 2153 1295 2219 dubitationem

147 2259 279 2326 vocatis.
288 2257 313 2346 ¹)
354 2261 462 2345 Atque
481 2260 640 2326 Heracliti
665 2261 807 2346 priorem
837 2263 978 2347 glossam
998 2261 1040 2325 ib.
1060 2283 1090 2345 p.
1109 2261 1151 2326 59
1179 2260 1294 2325 merito

147 2388 212 2431 non
230 2366 269 2431 de
288 2365 451 2451 Hesycbio
470 2367 618 2452 pendere,
639 2368 694 2433 sed
712 2367 751 2433 de
771 2368 933 2433 Plutarch.
953 2367 1039 2432 Plac.
1053 2366 1133 2452 phil.
1146 2366 1188 2450 ΙΙ,
1207 2367 1295 2450 22,2
1325 2394 1329 2399 ’

149 2478 181 2538 et
204 2475 260 2558 24,
283 2475 313 2556 3,
337 2475 367 2552 4,
392 2475 525 2538 alterius
548 2474 707 2559 originem
733 2469 855 2559 (ἄλλως
874 2471 1100 2560 Ἡράκλειτος)
1124 2475 1294 2540 obscuram

148 2602 218 2644 esse
251 2581 386 2646 monuit.
437 2580 551 2645 Dionis
586 2585 695 2646 autem
727 2580 901 2666 Hipparini
933 2581 1035 2646 vitam
1068 2579 1130 2665 (VI
1162 2603 1192 2665 p.
1214 2580 1294 2666 391)

148 2689 234 2750 recte
253 2686 418 2771 Hesychio
438 2686 649 2770 substituens,
673 2710 784 2752 rursus
803 2687 965 2753 dubitavit
983 2688 1021 2752 de
1040 2685 1130 2752 fonte
1149 2685 1295 2772 Sappho·

147 2792 198 2856 nis
217 2788 262 2877 (p.
278 2791 376 2878 266),
396 2794 610 2859 Anacreontis
633 2791 719 2881 (iu),
744 2794 972 2881 Anaxagorae,
990 2793 1129 2859 Zenonis
1145 2793 1188 2879 (p.
1204 2792 1295 2880 279),

147 2921 211 2983 qua
237 2900 269 2963 in
296 2921 331 2964 re
354 2921 420 2964 non
449 2921 559 2964 verum
587 2923 660 2966 eum
684 2901 802 2966 vidisse
826 2901 986 2987 suspicor,
1015 2922 1086 2966 cum
1111 2899 1293 2985 Sapphonis

147 3005 347 3091 Zenonisque
369 3007 454 3071 vitae
479 3029 517 3073 ex
541 3012 633 3091 parte
660 3012 806 3072 servatae
830 3008 1009 3074 certissima
1033 3009 1169 3094 originis
1192 3007 1294 3091 Hesy-

147 3111 283 3178 chianae
305 3113 446 3198 vestigia
469 3114 700 3180 demonstrent.

235 3235 324 3302 Idem
344 3238 393 3303 vir
412 3240 620 3306 doctissimus
640 3242 726 3306 vitas
745 3240 865 3321 Tisiae,
885 3240 1041 3329 Gorgiae,
1059 3242 1200 3328 Prodici,
1219 3242 1291 3308 Poli

147 3341 193 3429 (p.
207 3345 273 3409 274
292 3343 346 3431 Η.)
379 3345 534 3413 Hermiae
570 3349 809 3413 commentariis
844 3349 953 3415 deberi
986 3351 1127 3435 putavit,
1160 3349 1291 3435 Tyrtaei

146 3455 180 3515 et
198 3450 398 3537 Theognidis
416 3451 463 3540 (p.
478 3456 543 3519 375
556 3454 610 3541 Η.)
630 3455 738 3521 Procli
764 3456 896 3522 scholiis
914 3457 1093 3524 Platonicis
1112 3457 1166 3542 (cf.
1180 3482 1210 3542 p.
1225 3453 1293 3544 29),

145 3557 233 3622 haud
263 3563 348 3625 recte
376 3559 415 3624 de
443 3561 568 3626 Timaei
590 3565 635 3647 (p.
650 3563 716 3627 364
725 3561 780 3648 Η.)
808 3563 876 3628 vita
909 3564 1090 3650 disputans,
1123 3588 1219 3650 quam
1253 3564 1293 3629 de

146 3664 310 3749 Hesychio
335 3667 528 3734 descendere
551 3668 622 3734 luce
645 3669 763 3734 clarius
788 3674 850 3735 est:

219 3916 245 3983 1)
269 3913 315 3968 Sic
334 3931 428 3970 errans
447 3934 473 3986 p.
490 3921 523 3970 55
542 3919 599 3972 not.
616 3924 629 3970 1
655 3916 730 3986 apud
750 3916 863 3973 Suidam
888 3919 983 3974 deesse
1002 3920 1113 3976 Prodici
1137 3921 1223 3976 vitam
1246 3938 1291 3977 ex-

146 3994 255 4062 posuit,
272 3993 393 4065 Lycurgi
411 3995 499 4050 vitam
514 3998 639 4050 omnium
653 3995 834 4053 clarissimam
854 3998 904 4068 (VI
917 4018 943 4069 p.
958 4006 1011 4055 859
1025 4002 1131 4070 Herm.)
1146 4018 1181 4056 ne
1195 4003 1292 4072 tetigit

146 4072 273 4143 quidem,
291 4074 326 4130 de
340 4093 395 4144 qua
413 4093 487 4131 nunc
503 4077 538 4131 ci,
553 4077 663 4142 nonde,
683 4077 753 4132 Mus.
768 4078 855 4133 Rhea.
871 4079 985 4134 XXXVI
1000 4100 1027 4151 p.
1042 4087 1103 4136 540.
1141 4081 1291 4150 Creophyli

145 4155 239 4208 autem
263 4155 351 4210 vitam
373 4174 401 4226 p.
421 4163 455 4211 54
478 4158 563 4212 etiam
587 4157 616 4212 in
639 4157 733 4211 Photii
762 4158 850 4214 lexico
878 4159 968 4215 inesse
991 4162 1111 4231 putabat
1135 4161 1231 4231 itaque
1257 4179 1292 4216 cr

146 4232 245 4288 Boethi
273 4234 359 4291 Stoici
391 4236 481 4292 lexico
509 4237 654 4292 Platonico
682 4239 870 4308 compilatam.
912 4242 951 4295 At
979 4257 1069 4311 aequo
1097 4242 1291 4313 neglegentius

147 4311 241 4368 Photii
258 4315 408 4371 articulum
427 4318 517 4373 locum
537 4318 580 4373 vir
598 4318 776 4373 doctissimus
794 4318 928 4390 inspexit,
947 4321 1052 4391 quippe
1071 4322 1119 4392 qui
1133 4325 1193 4379 toto
1212 4324 1290 4377 caelo

145 4391 181 4446 ab
194 4394 300 4450 scholio
315 4396 459 4454 Platonico
474 4398 621 4468 discrepet.
649 4399 824 4470 Quapropter
837 4401 910 4456 hauc
925 4419 1034 4471 quoquc
1048 4403 1135 4458 vitam
1150 4405 1290 4473 Hesychio

145 4473 212 4530 dare
229 4494 405 4548 nequaquam
424 4480 560 4536 dubibavi.
