3036 5114
203 322 268 390 230
719 324 933 406 σεετοειοε.

202 486 257 553 καλ
291 483 496 569 ίεροσκόπος·
530 484 616 572 γυνή
649 485 686 553 δὲ
718 477 762 570 ῆν
794 483 883 576 αύτῷ
912 482 1137 574 Ἀρχεστράτη.
1193 487 1276 555 κατὰ
1317 487 1357 556 δέ

202 589 279 671 τοὺς
307 592 449 678 χρόνους
477 595 615 678 γέγονεν
645 589 662 660 ὁ
694 590 878 679 Φιλόχορος
898 589 1176 681 Ἐρατοσθένους,
1208 592 1253 674 ὡς
1282 597 1354 663 ἐπι·
1371 608 1425 647 θ-ί·

203 705 319 784 βαλεῖν
354 700 521 789 πρεσβύτῃ
558 701 638 768 νέον
681 698 762 767 όντα
792 696 1026 787 Ἐρατοσθένη.
1080 699 1268 789 ἐτελεύτησε
1302 702 1354 770 ’δὲ

204 806 414 893 ἐνεδρευθεὶς
437 804 501 875 ὑπὸ
521 805 727 893 Ἀντιγόνου,
752 803 802 874 ότι
828 807 990 894 διεβλήθη
1013 810 1284 894 προσκεκλικέναι
1310 815 1353 899 τῆ

78 923 82 930 ’
178 920 416 1001 5Πτολεμαίου
441 919 602 1004 βασιλείᾳ.
649 919 793 1000 ἔγραψεν
814 910 967 994 Ἀτθίδος
988 920 1102 1002 βιβλία
1127 914 1169 997 ιζ’·
1192 918 1353 1005 (περιέχει

154 1051 169 1078 κ
205 1019 242 1088 δὲ
274 1019 332 1099 τὰς
358 1017 547 1107 Ἀθηναίων
580 1021 713 1109 πράξεις
744 1021 799 1088 καί
831 1027 978 1107 βασιλεῖς
1008 1022 1063 1090 καὶ
1097 1021 1261 1111 άρχουτας
1288 1026 1355 1106 ἕως

128 1201 136 1218 ‚
201 1123 373 1213 Ἀντιόχου
400 1132 460 1196 τοῦ
487 1132 678 1197 τελευταίου
705 1132 766 1197 τοῦ
794 1130 1126 1215 προσαγορευθέντος
1152 1135 1252 1217 θεοῦ,
1280 1136 1354 1200 ἔστι

204 1234 242 1301 δέ
271 1232 353 1322 πρὸς
378 1234 557 1324 Δήμωνα),
585 1236 659 1324 περὶ
688 1240 848 1323 μαντικῆς
872 1236 917 1322 δ’,
946 1236 1021 1326 περὶ
1043 1241 1176 1306 θυσιῶν
1200 1237 1246 1324 α’,
1273 1238 1352 1326 περὶ

203 1345 262 1428 τῆς
293 1341 532 1429 τετραπόλεως,
572 1349 765 1430 Σαλαμῖνος
798 1347 917 1428 κτίσις,
950 1344 1179 1433 ἐπιγράμματα
1211 1343 1353 1430 Ἀττικά,
1364 1362 1376 1410 Ἴ
1388 1356 1465 1417 aar,

166 1471 191 1509 1⁰
205 1450 280 1534 περὶ
302 1454 370 1517 τῶν
391 1447 575 1537 Ἀθήνησιν
599 1447 742 1538 άγύνων
764 1455 877 1538 βιβλία
902 1451 954 1537 ιζ’,
979 1452 1054 1539 περὶ
1077 1457 1145 1521 τῶν
1166 1442 1396 1540 Ἀθήνησιυ’·’·“
1457 1492 1461 1497 -

206 1554 380 1644 ἀρξάντων
408 1554 472 1624 άπὸ
497 1562 717 1643 Σωκρατίδου
740 1558 795 1625 καὶ
823 1559 918 1646 μέχρι
943 1556 1209 1648 Ἀπολλοδώρου,
1236 1557 1353 1647 Ὀλυμ·

205 1662 326 1742 πιάδος
349 1665 385 1730 έν
409 1668 553 1749 βιβλίοις
575 1662 621 1750 β’,
644 1662 726 1751 πρὸς
749 1663 811 1752 τῆν
835 1665 1003 1751 Δήμωνος
1018 1663 1171 1751 Ἀτθίδα,
1190 1667 1354 1755 έπιτομῆυ

206 1771 264 1855 τῆς
296 1772 384 1849 ίδίας
413 1765 580 1855 Ἀτθίδος,
616 1762 774 1858 ἐπιτομῆν
807 1775 865 1857 τῆς
897 1778 1086 1841 Διονυσιόυ
1117 1780 1353 1862 πραγματείας,

206 1876 281 1964 περὶ
314 1880 430 1966 ίερῶν,
462 1879 536 1963 περὶ
569 1881 637 1947 των
665 1879 881 1964 Σοφοκλέους
912 1878 1034 1966 μύθων
1062 1886 1175 1968 βιβλία
1203 1881 1243 1966 ε’,
1275 1883 1352 1969 περὶ

166 2006 191 2045 15
206 1981 409 2072 Εὐριπίδου,
442 1987 516 2075 περὶ
542 1983 736 2075 Ἀλκμᾶνος,
764 1986 838 2074 περὶ
867 1992 1059 2073 μυστηρίων
1087 1993 1155 2057 των
1179 1986 1354 2076 Ἀθήνησι,

205 2093 406 2181 συναγωγὴν
434 2091 592 2181 ῆρωίδων
615 2093 689 2181 ῆτοι
712 2100 960 2181 Πυθαγορείων
983 2098 1167 2181 γυναικῶν,
1197 2093 1352 2189 Δηλιακά

205 2205 320 2286 βιβλία
342 2201 389 2286 β’,
412 2202 487 2290 περὶ
511 2199 722 2289 εὑρημάτων,
745 2201 820 2287 περί
843 2206 1040 2290 καθαρμῶν,
1063 2203 1137 2290 περὶ
1162 2186 1353 2291 συμβόλων.

295 2327 520 2394 DCCCXLIX.
565 2325 778 2406 Φιλύλλιος
803 2323 995 2411 Ἀθηναῖος,
1027 2326 1170 2414 κωμικὸς
1201 2332 1347 2425 τῆς-πα,

207 2435 302 2524 λαιᾶς
321 2436 507 2526 κωμωδίας.
546 2436 614 2500 τῶν
638 2431 817 2520 δραμάτων
841 2429 947 2501 αὐτοῦ
971 2435 1061 2501 ἐστιν
1086 2434 1218 2520 Αίγεύς,
1242 2433 1352 2522 Αὔγη,

167 2538 331 2609 amma
361 2542 507 2630 (ἑταίρας
530 2539 670 2630 ὄνομα),
700 2539 897 2626 Δωδεκάτη,
920 2536 1099 2628 Ἡρακλῆς,
1128 2541 1302 2627 Πλύντρια
1330 2538 1352 2628 ῆ

59 2647 60 2652 ’
207 2649 401 2736 Ναυσικάα,
427 2650 610 2737 Πόλ<ε>ις,
636 2645 851 2735 Φρεωρύχος,
872 2644 1067 2734 Ἀταλάντη,
1085 2646 1211 2735 Ἑλένη.

246 2753 248 2759 ⁴
295 2767 443 2835 DCCCL.
482 2771 617 2834 Φίλων
640 2763 786 2850 Βύβλιος
812 2763 1045 2851 γραμματικός.
1091 2755 1189 2844 οὗτος
1213 2765 1352 2851 γέγονεν

207 3038 242 3074 an
261 3016 360 3088 μάντις
382 3017 430 3071 καλ
450 3010 605 3083 ίστορικύς7
643 3013 683 3067 cf.
708 3031 733 3065 v.
756 3004 855 3066 Ἀπολλ.
878 3006 949 3083 'App
974 3007 1121 3085 άρχιερεδς
1144 3014 1193 3069 καλ
1212 3010 1352 3083 ίστορικός

207 3107 223 3153 3
236 3096 428 3167 Ἐρατοσθένη
443 3113 512 3150 τοτε.
528 3095 649 3158 Sabbata,
662 3090 862 3162 Ἐρατοσθένει
876 3096 947 3165 vulp.
1003 3102 1020 3149 4
1033 3091 1170 3166 Ἀντιόχου
1186 3098 1234 3164 (ευ.
1245 3096 1353 3167 Magni)
1399 3114 1402 3118 ⁴

206 3194 353 3248 perperam
372 3177 442 3231 coni.
457 3176 602 3231 Ειίιιιείιιε
621 3178 650 3229 et
667 3173 778 3228 Vossius
850 3182 865 3230 6
884 3171 950 3238 τοὺς
968 3176 1034 3231 anta
1054 3179 1115 3250 βαο.
1135 3176 1197 3230 add.
1217 3176 1303 3230 Daub

160 3276 165 3286 ·
207 3265 223 3314 9
243 3277 279 3313 an
297 3260 405 3313 κτίοιν7
459 3259 524 3326 post
543 3251 631 3324 ἐπιγρ.
652 3253 781 3308 distinxit
796 3260 819 3306 A
836 3254 932 3324 itaque
950 3250 1054 3311 Ἀττικά
1073 3255 1191 3311 fortasse
1210 3274 1227 3310 a
1245 3256 1353 3311 lectore

207 3340 272 3394 add.
287 3341 371 3410 putat
382 3339 467 3394 Daub
523 3344 554 3392 11
575 3337 615 3391 Cf.
631 3333 742 3389 Clinton
758 3352 784 3404 p.
801 3341 851 3389 118
866 3338 895 3390 et
910 3342 959 3391 176
975 3335 1021 3392 Kr.
1037 3335 1084 3404 (ol.
1105 3342 1164 3404 101,
1179 3343 1239 3390 3-
1254 3341 1312 3404 115,
1323 3339 1355 3405 θ)

208 3419 256 3474 καί
274 3437 349 3490 susp.
386 3419 426 3473 Cf.
445 3437 471 3476 v.
491 3414 620 3487 Μάλχος;
644 3415 709 3483 περὶ
729 3446 761 3453 -
780 3410 928 3484 ἀρξάντων
948 3448 980 3457 -
998 3414 1202 3485 Ἀπολλοδώρου
1226 3410 1291 3470 κατ’
1311 3411 1352 3471 ὄλ.

207 3501 292 3555 Daub
357 3507 389 3555 17
408 3500 479 3556 alius
497 3499 609 3555 videtur
626 3495 752 3552 Atthidis
772 3495 872 3551 titulus
891 3514 964 3563 ease,
989 3497 1040 3553 nisi
1059 3514 1145 3567 supra
1164 3494 1221 3551 ἔστι
1241 3494 1272 3551 δὲ
1292 3514 1352 3566 aeq.

208 3584 299 3636 errato
319 3583 382 3637 orta
447 3588 478 3635 13
498 3582 532 3636 de
553 3581 643 3635 altera
661 3577 783 3647 epitome
802 3578 836 3631 cf.
857 3596 882 3632 v.
903 3579 1020 3632 Πυλίων
1076 3580 1140 3649 post
1159 3579 1354 3648 πραγματείας

209 3663 384 3732 interpungit
399 3662 560 3716 Gutsctmid
579 3663 621 3728 (ut
639 3661 778 3729 hocopus
799 3675 852 3711 non
867 3657 1007 3714 diversum
1026 3660 1064 3714 sIt
1082 3678 1099 3713 a
1118 3658 1189 3713 libro
1208 3657 1272 3726 περὶ
1293 3652 1353 3724 έορ-

209 3742 288 3810 τῶν),
309 3743 383 3796 idem
402 3740 466 3807 περὶ
485 3736 596 3810 ἡμερῶν
615 3757 665 3810 pro
684 3759 713 3794 π,
733 3736 817 3806 ίερῶν
836 3739 1030 3808 corrigendum
1049 3739 1158 3794 monuit
1172 3741 1201 3792 et
1218 3738 1282 3808 περὶ
1297 3733 1354 3791 at-

210 3825 338 3891 ριπίδους
351 3823 426 3877 idam
441 3837 501 3876 ease
516 3822 590 3888 quod
604 3820 669 3887 περὶ
683 3820 854 3892 τραγῳδιῶν,
869 3822 901 3872 ut
915 3819 1073 3874 coniecerat
1085 3817 1186 3872 Msrller
1195 3816 1233 3869 IV
1248 3835 1276 3886 p.
1287 3821 1353 3883 6483

210 3904 259 3959 sed
275 3905 308 3961 cf.
324 3904 406 3958 Daub
419 3922 446 3974 p.
462 3909 504 3958 26.
561 3907 592 3955 17
608 3898 673 3968 περὶ
691 3894 837 3969 συμβόλων
852 3917 907 3953 non
922 3897 1063 3953 diversum
1082 3914 1142 3952 σεεσ
1156 3914 1174 3951 ει
1191 3896 1271 3952 libris
1288 3898 1355 3967 περὶ

209 3985 345 4055 μαντικῆς
364 3986 446 4054 putat
464 3984 576 4052 Μιλίίυν,
595 3982 711 4037 fortasse
730 3996 780 4033 nec
799 3996 816 4033 a
834 3977 898 4046 περὶ
917 3978 1075 4048 καθαρμῶν
1093 3978 1178 4031 Daub

283 4072 464 4128 DCCCXLIX
492 4073 566 4127 Ειαλ
594 4090 621 4142 p.
648 4076 707 4125 725.
755 4067 794 4122 CI.
820 4087 844 4122 v.
870 4069 997 4137 Διοκλῆς.
1049 4068 1165 4122 Tractat
1192 4066 1352 4123 Meinakal

211 4175 238 4226 p.
253 4160 304 4210 258
320 4171 377 4223 aeq.
452 4159 483 4206 18
505 4149 646 4214 Φιλύλλιος
663 4157 686 4203 A
706 4145 849 4212 Φιλλύλιος
867 4151 938 4220 υειίς.
954 4149 1029 4203 Eua.
1103 4155 1137 4202 20
1156 4145 1283 4217 Πλάτρια
1301 4155 1324 4201 A

212 4245 245 4292 21
268 4233 370 4300 Πόλεις
388 4252 456 4290 corr.
472 4235 608 4288 Καείττιιε
626 4236 656 4288 et
669 4233 764 4286 Κιλλιι.
784 4232 818 4286 ad
835 4231 940 4286 Polluc.
956 4230 989 4299 X,
1005 4236 1047 4300 58,
1066 4231 1201 4300 probante
1216 4231 1355 4287 Μείκιλίσ

212 4315 300 4383 Πόλις
317 4322 390 4390 vulp.

283 4407 399 4464 DCCCL
424 4407 499 4462 Eud.
519 4423 546 4475 p.
567 4408 625 4458 718.
664 4403 704 4458 cf.
725 4423 749 4459 v.
770 4403 883 4465 Παῦλος
904 4399 1013 4472 Τύριος.
1047 4400 1182 4454 Tractant
1200 4399 1353 4455 Mallerlll

212 4506 239 4558 p.
254 4494 321 4556 550,
340 4488 447 4555 Itohde,
465 4488 535 4542 Mus.
551 4485 638 4540 Rhea.
655 4482 770 4541 XXXIII
783 4502 809 4554 p.
827 4489 877 4537 175
892 4498 948 4552 seq.
1021 4485 1055 4534 22
1074 4480 1179 4552 βίβλιος
1197 4484 1247 4534 AV
