3036 5114
197 305 240 370 36
659 305 873 363 HESYOHIUS.

286 467 395 536 CXLI.
416 464 572 579 ,Ἀχαιὸς
586 469 828 557 Συρακούσιος,
846 467 1002 557 τραγικὸς
1020 467 1189 563 νεώτερος.
1220 474 1344 558 ἔγραφε

196 578 383 666 τραγῳδίας
406 603 436 644 ι.
458 596 461 601 ’

285 683 412 752 CXLII.
447 680 645 770 Ἀχιλλεῦς
672 684 817 765 Τάτιος
836 682 1087 771 Ἀλεξανδρεύς,
1111 681 1129 752 δ
1153 684 1283 774 γράψας
1304 696 1346 755 τὰ

196 787 278 858 κατδι
303 795 497 876 Λευκίππην
529 790 584 857 καὶ
608 796 847 879 Κλειτοφῶντα
874 793 930 859 καὶ
958 789 1042 859 όλλα
1071 791 1210 880 ἐρωτικὰ
1235 794 1272 860 ἐν
1294 798 1346 879 βι·

169 903 303 984 σβλίοις
321 896 360 985 η’.
388 898 526 984 γέγονεν
545 903 684 985 ἔσχατον
698 897 898 985 Χριστιανὸς
917 899 971 965 καὶ
991 901 1174 980 ἐπίσκοπος.
1195 898 1202 990 Ι
1222 904 1346 988 ἔγραφε

197 1004 234 1074 δὲ
265 1006 340 1093 περὶ
373 1011 518 1093 σφαίρας
548 1005 604 1072 καὶ
634 1008 865 1093 ἐτυμολογίας,
897 1005 953 1073 καὶ
985 1009 1136 1094 ἱστορίαν
1159 1005 1346 1094 σύμμικτον

196 1116 331 1181 πολλῶν
354 1112 409 1180 καὶ
433 1111 587 1200 μεγάλων
611 1114 666 1180 καὶ
686 1120 889 1200 θαυμασίων
908 1111 1045 1202 αἰνδροῦν
1064 1114 1345 1202 μνημονιύουσαν

197 1218 215 1290 ὁ
241 1220 278 1287 δὲ
301 1218 401 1306 λόγος
424 1215 528 1288 αύτοῦ
551 1218 633 1288 κατὰ
655 1219 763 1288 πάντα
788 1218 903 1308 ὅμοιος
920 1235 991 1300 τοῖς
1014 1224 1191 1309 ἐρωτικοῖς.
1211 1219 1218 1311 Ι

287 1327 429 1395 CXLIII.
457 1324 616 1413 Ἀψίνης
637 1324 816 1414 Ἀθηναῖος
839 1327 1016 1416 σοφιστής,
1037 1326 1216 1416 Ὀνασίμου
1238 1324 1345 1416 πατὴρ

160 1457 186 1496 10
199 1440 260 1504 τοῦ
283 1437 447 1522 σοφιστοῦ
471 1437 532 1502 τοῦ
548 1432 671 1522 πατρὸς
692 1432 838 1517 Ἀφίνου

287 1543 429 1610 CXLIV.
454 1538 612 1628 Ἀψίνης
631 1542 804 1629 Γαδαρεὺς
818 1542 989 1630 σοφιστής,
1009 1548 1155 1631 σπαρείς,
1174 1540 1219 1622 ὥς
1234 1541 1345 1627 λόγος,

197 1652 235 1719 ἐκ
258 1648 390 1735 Πανός,
413 1647 628 1736 μαθητεύσας
648 1650 685 1717 δὲ
710 1653 746 1718 ἐν
770 1649 912 1740 Σμύρνῃ
932 1649 1130 1747 Ἡρακλείδῃ
1152 1655 1198 1740 τῷ
1219 1653 1346 1740 Λυαίῳ,

198 1753 268 1824 εἶτα
297 1760 464 1849 Βασιλικςῦ
495 1759 532 1825 ἐν
560 1746 783 1848 Νικομηδείηι,
808 1760 1043 1845 ἐσοφίστευσεν
1064 1757 1226 1845 Ἀθήνησι
1250 1762 1345 1842 βασι-

199 1862 356 1944 λεύοντος
380 1866 589 1951 Μαξιμίνου,
612 1863 776 1934 ὑπατικοῦ
799 1866 914 1952 λαβὼν
937 1864 1073 1953 ἀξίωμα.

158 1991 183 2032 1⁵
286 1972 410 2040 CXLV.
435 1969 592 2060 Ἀσίνης
603 1970 783 2060 ’ονασίμου
796 1977 857 2041 τοῦ
872 1976 1035 2060 σοφιστοῦ
1049 1970 1233 2073 Ἀθηναίου
1247 1991 1346 2058 σοφι-

197 2077 275 2165 στὴς
298 2078 458 2167 νεώτερος
480 2084 541 2148 τοῦ
564 2081 743 2167 Γαδαρέως
763 2077 911 2160 Ἀψίνον.
1363 2098 1413 2113 ···

286 2187 426 2254 CXLVI.
445 2185 487 2255 ”A
495 2202 640 2275 ψυρτος
656 2182 888 2275 Προυσαεῦςῆ
904 2186 1126 2274 Νικομηδεύς,
1145 2183 1346 2273 στρατιώτης

196 2294 481 2381 στρατευσόμενος
504 2295 556 2362 ἐπὶ
581 2300 845 2363 Κωνσταντίνου
867 2298 928 2363 τοῦ
956 2297 1117 2381 βασιλέως
1146 2297 1182 2362 ἐν
1206 2298 1345 2383 Σκυθίᾳ
1412 2328 1416 2337 ¹

197 2397 286 2484 παρὰ
308 2397 367 2467 τὸν
381 2397 524 2488 Ἴστρον.
557 2399 768 2486 ίππιατρικὸν
787 2407 920 2487 βιβλίον
939 2392 1037 2481 οὗτος
1056 2407 1188 2490 ἔγραψε,
1211 2401 1266 2467 καὶ
1281 2425 1346 2486 φυ-

158 2529 185 2570 ιο
199 2504 297 2574 σικὸν
319 2508 395 2590 περὶ
418 2512 486 2576 τῶν
505 2506 616 2577 αὐτῶν
636 2505 780 2594 ἀλόγων,
798 2509 853 2575 καὶ
873 2511 976 2594 ἕτερα.
1005 2514 1141 2598 [ἔγραψε
1159 2508 1214 2576 καὶ
1230 2511 1347 2593 Σίμων

195 2610 374 2701 Ἀθηναῖος
398 2615 639 2685 ίπποσκοπικὸν
662 2620 795 2702 βιβλίον
818 2615 1036 2703 θαυμάσιον]

200 2868 275 2935 quod
295 2867 454 2936 oppositum
473 2882 530 2921 csse
549 2865 636 2933 ipsius
652 2864 785 2933 Hesychii
799 2864 955 2921 sententiae
973 2882 1007 2921 ex
1021 2864 1095 2920 Ionis
1112 2865 1172 2920 vile
1189 2867 1345 2920 100100011-

200 2946 283 3000 clusil
301 2946 408 3011 Belide,
432 2944 502 3002 Mun.
521 2944 610 3000 Rhen.
631 2944 748 2997 XXXIII
767 2964 793 3014 p.
816 2951 866 3001 189
885 2949 956 3015 noh,
980 2942 1033 3000 σύν
1047 2940 1116 3013 Εῦρ.
1134 2946 1206 3016 nula.
1225 2941 1277 3000 σῦν
1295 2943 1345 2999 καί
1391 2958 1394 2963 ·

201 3019 271 3092 Εύρ.
290 3028 341 3077 AV
360 3022 479 3080 καλοῦν
499 3025 584 3078 Danh

271 3103 357 3158 CXLI
378 3104 450 3159 Eud.
470 3123 497 3174 p.
518 3109 576 3161 118.
596 3106 727 3160 Welcker
745 3124 771 3175 p.
791 3111 859 3159 1045
926 3113 940 3160 1
961 3104 1032 3161 δέκα
1051 3106 1099 3162 καὶ
1117 3106 1252 3173 τέσσαρας
1265 3102 1344 3158 Eud.

272 3181 369 3236 CXLII
387 3183 463 3237 End.
482 3203 507 3253 p.
525 3190 583 3238 117.
606 3185 713 3252 lncobe,
727 3185 837 3254 Proleg.
852 3186 888 3241 nd
903 3187 971 3242 Ach.
987 3187 1050 3244 Tnh.
1064 3204 1091 3255 p.
1107 3187 1131 3240 V
1146 3185 1177 3241 A.
1192 3190 1217 3253 2,
1235 3182 1346 3250 nonde,

200 3262 245 3319 Gr.
265 3262 375 3318 Roman
393 3282 420 3333 p.
440 3270 492 3318 470
507 3281 564 3333 seq.
638 3272 653 3319 3
675 3264 777 3327 Τάτιος
795 3265 898 3321 recline
917 3265 1027 3336 scripsit
1047 3266 1164 3320 Pholiue
1181 3263 1248 3319 bibl.
1268 3281 1295 3332 p.
1311 3269 1345 3317 66

201 3339 323 3405 Στάτιος
336 3345 401 3414 ναῖς
415 3343 490 3399 Eud.
505 3341 657 3407 Στύαιοςν
708 3343 836 3414 ὃγέγονε
854 3363 923 3414 νειμ
938 3345 1198 3413 Βολδιλ.0.ρ.415
1237 3340 1344 3412 ἔγραφε

201 3440 258 3492 seq.
278 3440 333 3478 non
352 3423 388 3489 nd
407 3423 546 3478 Achillem
565 3424 679 3479 Tatium
703 3425 751 3479 sed
774 3424 808 3477 ad
828 3426 948 3480 alterum
967 3424 1106 3480 Achillem
1130 3425 1255 3493 spectare
1273 3420 1347 3476 vidie

201 3503 308 3567 nonde,
327 3521 353 3572 p.
373 3509 424 3557 471
439 3520 496 3573 seq.
534 3503 574 3559 ef.
592 3505 677 3558 etiam
696 3504 784 3573 Diels,
803 3506 922 3576 Doxogr.
942 3524 968 3575 p.
991 3511 1090 3572 llseq.
1127 3503 1265 3558 Incertum
1284 3501 1346 3571 quis

200 3586 348 3652 utrumque
368 3584 524 3638 confuderit
591 3582 748 3653 6ίστορίας
766 3587 920 3654 σνμμίκτου
939 3590 962 3637 V
1008 3586 1038 3639 In
1058 3583 1182 3654 margine
1196 3587 1220 3635 A
1240 3582 1345 3652 legitur

201 3665 257 3717 εἴτε
276 3659 387 3724 τούτοις
405 3662 601 3732 προσεκύρησα
620 3666 694 3734 quod
714 3682 769 3733 quo
787 3667 895 3734 spectet
912 3665 1028 3719 dubium

274 3741 524 3797 CXLIII-CXLV
543 3744 619 3799 End.
639 3765 665 3815 p.
686 3751 746 3798 114.
775 3744 816 3799 cf.
835 3764 860 3800 v.
879 3740 1031 3815 Όνόοιμος,
1063 3742 1262 3799 Atheniensem
1282 3758 1344 3796 cum

201 3821 355 3877 Gadarensi
378 3822 496 3876 eundem
522 3839 581 3878 esse
604 3827 716 3878 constal
804 3831 820 3878 9
840 3819 985 3894 α’ξιόλογος
1004 3819 1137 3893 σοφιστής
1156 3840 1209 3879 om.
1227 3825 1251 3873 A
1268 3816 1346 3886 ἀξιό-

202 3909 283 3974 λογος
302 3922 356 3959 om.
375 3908 397 3955 V
415 3899 562 3970 ἀξιόλογος
581 3921 643 3970 σοφ.
663 3905 735 3973 ναῖς.
755 3903 830 3959 Eud.
883 3900 1038 3975 Ἀθηναῖος
1050 3922 1104 3960 om.
1123 3908 1150 3955 ll
1223 3907 1254 3955 11
1276 3903 1345 3955 Γαδ.

203 3980 390 4056 πρεσβύτερος
409 3984 459 4038 τοῦ
476 3978 625 4053 Ὀνασίμου
643 3983 708 4038 add.
723 3985 808 4052 Eun,
828 4002 898 4054 quae
918 3987 1032 4040 tertium
1051 3986 1141 4055 prime
1160 3984 1221 4038 loco
1241 3998 1345 4036 memo-

203 4064 277 4120 ravit
350 4070 382 4117 13
402 4066 607 4138 Νικομηδίᾳλ
681 4070 712 4118 14
731 4066 915 4135 Μαξιμιανοῦ
934 4084 1030 4122 omnen
1049 4064 1115 4119 libri
1133 4062 1256 4119 01Εαδ.
1275 4078 1345 4116 corr.

203 4146 339 4201 Kuelerus
357 4143 421 4198 coll.
440 4163 465 4198 v.
488 4141 611 4206 Γαϊανός
697 4151 733 4214 15Ι
747 4139 892 4213 Ἀθηναῖος
909 4147 994 4201 Daui)
1082 4152 1114 4199 16
1132 4141 1269 4211 νεώτερος
1287 4158 1344 4209 neq,

203 4244 256 4282 om.
276 4224 351 4279 Eud.
390 4221 518 4278 Celerum
538 4225 572 4279 cf.
592 4243 616 4280 v.
636 4224 740 4290 Μαίωρ
759 4229 787 4280 et
806 4224 938 4294 Φρόντων
955 4221 1106 4295 Ἐμεσηνός

274 4303 384 4361 CXLVI
403 4304 478 4358 Eud.
498 4322 523 4373 p.
546 4311 597 4358 110
670 4311 701 4358 17
728 4298 744 4373 ἢ
764 4303 944 4376 Νικομηδεύς
962 4313 983 4358 E
1007 4323 1075 4360 corr.
1096 4304 1180 4359 eliam
1200 4304 1346 4371 Kuelerue,

204 4386 251 4456 qni
270 4379 287 4456 ἢ
307 4379 344 4448 ῦς
363 4385 613 4454 τινεςμτοροιαὶλ,
631 4378 649 4454 ἢ
668 4402 721 4439 om.
741 4387 812 4455 υἱιλη.
842 4386 881 4440 Cf.
902 4384 1039 4453 Σωτάδης
1057 4379 1133 4451 Κρής
1212 4389 1243 4437 19
1264 4380 1346 4451 ἔγρα-

202 4482 259 4539 ψεν
274 4462 455 4535 ίππιατρικὸν
470 4467 540 4537 βιβλ.
555 4464 632 4518 Eud.
687 4472 722 4519 20
736 4466 870 4534 περὶτῶν
889 4462 999 4536 ἀλόγων
1015 4462 1045 4521 ἐν
1060 4465 1176 4538 βιβλίοις
1189 4459 1215 4517 δ’
1229 4462 1346 4532 reliquie
