3036 5114
232 302 323 358 XXVI
665 303 948 360 PROLEGOMENA.

233 464 271 533 ut
298 463 502 553 μνημονεύει
526 504 561 514 -
585 468 659 532 exit
687 465 830 533 aSuida
852 465 917 555 (vel
941 467 1075 557 lectore)
1100 492 1137 553 ex
1162 469 1279 535 Athen.
1299 469 1375 534 XIV

233 600 264 660 p.
279 577 344 641 622
369 575 556 661 compilata3
584 598 613 640 v.
628 572 828 660 Σιλβανός
848 576 949 641 habet
968 577 1109 661 glossam
1131 576 1256 662 Suidae,
1280 600 1375 662 quam

232 685 303 768 ipse
326 706 365 748 ex
389 683 432 768 gl.
452 679 643 761 ἐπιπόλαιος
665 683 810 770 iteravit3
838 707 867 748 v.
888 686 1122 768 Φωκυλίδης
1146 683 1217 750 add.
1236 686 1335 749 verba
1358 710 1377 750 a

232 789 411 876 Byzantinc
431 790 539 874 aliquo
558 791 670 876 inepto
690 790 855 875 adscripta
872 778 1083 877 παραινέσεις
1101 828 1136 837 -
1155 790 1376 876 κεκλεμμέυοι.

320 900 428 983 Atque
451 897 536 962 hanc
560 919 628 962 rem
647 896 778 963 Unters.
791 921 821 982 p.
838 898 955 983 lbseq.
971 903 1003 964 et
1024 900 1086 964 153
1106 923 1171 985 seq.
1186 901 1233 965 sic
1252 900 1376 965 intelle-

232 1007 371 1093 gendam
399 1005 500 1090 volui,
532 1010 569 1070 ut
596 1005 753 1070 eiusmodi
784 1006 913 1070 articuli
943 1008 1063 1089 partim
1092 1030 1110 1071 a
1138 1007 1314 1073 lectoribus
1338 1030 1376 1073 ex

235 1112 352 1178 Suidae
384 1113 486 1178 lexico
519 1114 553 1176 in
586 1113 731 1198 margine
765 1113 969 1197 transscripti
1001 1115 1172 1198 paulatim
1192 1116 1227 1180 in
1252 1120 1376 1182 textum

233 1220 370 1286 Violarii
394 1221 628 1305 immigrarint,
654 1219 740 1304 quod
763 1220 940 1286 innumeris
970 1222 1144 1305 probatum
1172 1245 1242 1288 esse
1270 1246 1375 1289 exem-

232 1329 296 1413 plis
320 1328 399 1393 satis
423 1333 573 1412 apertum
600 1331 662 1407 est,
690 1328 810 1412 partim
835 1328 877 1393 ab
905 1351 942 1394 eo
968 1328 1097 1415 adiecti,
1121 1331 1176 1415 qui
1196 1329 1374 1396 Violarium

235 1437 322 1521 typis
352 1437 530 1521 exprimere
553 1432 698 1522 voluit.¹)
744 1434 866 1501 Nostro
895 1436 980 1500 enim
1004 1435 1143 1503 Violarii
1171 1436 1279 1502 codice
1304 1459 1376 1502 cum

233 1545 390 1609 nonnulla
423 1545 575 1628 legantur
606 1542 640 1607 in
674 1544 835 1629 margine,
868 1565 950 1628 quae
982 1545 1085 1609 serius
1114 1545 1277 1629 adscripta
1306 1567 1376 1610 esse

234 1656 334 1737 patet,
356 1652 418 1717 hoc
439 1656 472 1715 et
492 1655 588 1716 antea
606 1651 734 1734 saepius
753 1649 874 1715 factum
894 1673 964 1716 esse
983 1652 1050 1716 veri
1070 1653 1177 1718 simile
1196 1658 1254 1719 est.
1282 1652 1375 1730 Quod

232 1760 260 1824 si
297 1759 455 1824 eiusmodi
492 1758 713 1823 additamenta
750 1780 909 1842 removes,
941 1760 1082 1843 reliquas
1115 1760 1253 1825 Violarii
1290 1761 1374 1826 vitas

232 1890 270 1931 ex
290 1866 432 1952 epitome
452 1866 581 1931 fluxisse
597 1867 721 1951 opinor.
746 1864 838 1942 Quod
854 1869 891 1929 ut
905 1866 1051 1951 probem,
1067 1867 1104 1931 de
1120 1867 1221 1951 ipsius
1236 1865 1375 1932 Violarii

231 1978 339 2038 textus
359 1964 467 2038 indole
487 1995 524 2038 ac
543 1972 729 2039 condicione
748 1995 850 2057 pauca
869 1974 1110 2058 praemonenda
1128 1973 1278 2039 videntur
1296 1996 1375 2039 esse.

319 2081 360 2146 II.
406 2080 494 2145 Inter
526 2078 642 2145 Suidae
680 2079 781 2145 libros
823 2081 1065 2166 manuscriptos
1101 2082 1195 2148 nobis
1229 2086 1374 2146 servatos

230 2189 434 2275 praestantia
464 2188 583 2253 eminet
609 2189 638 2252 A
658 2218 700 2240 =
719 2187 791 2253 Par.
812 2188 899 2252 2625
929 2193 962 2253 et
988 2186 1122 2273 26262),
1150 2211 1287 2274 quorum
1319 2190 1374 2255 illa

230 2296 446 2381 bombycinus
475 2298 539 2379 est,
566 2295 622 2359 fol.
641 2294 707 2359 305
735 2297 902 2379 constans,
930 2295 1021 2359 cuius
1049 2296 1192 2360 maxima
1220 2318 1295 2381 pars
1314 2298 1374 2362 de·

230 2405 352 2490 scripta
385 2407 435 2467 est
465 2407 601 2466 exeunte
634 2402 762 2467 saeculo
794 2400 859 2466 XII
891 2403 941 2466 vel
971 2402 1102 2467 ineunte
1133 2402 1228 2486 XIII,
1259 2403 1373 2469 folium

230 2512 372 2596 primum
405 2515 438 2574 et
469 2509 525 2574 fol.
554 2509 673 2575 260-
691 2509 756 2574 305
793 2509 972 2594 posteriore
1004 2513 1150 2594 tempore
1188 2533 1268 2576 saec.
1297 2511 1374 2590 XIV

232 2619 283 2684 vel
306 2617 366 2683 XV
390 2619 425 2682 in
449 2616 562 2681 charta
581 2617 710 2701 scripta,
733 2617 788 2681 sed
808 2639 846 2682 ex
866 2617 989 2700 optimo
1009 2618 1185 2702 exemplari
1204 2617 1375 2704 descripta,

230 2727 319 2791 cuius
356 2724 436 2789 folia
473 2725 622 2790 obsoleta
653 2724 704 2789 vel
741 2723 961 2789 intractabilia
996 2725 1085 2789 facta
1116 2747 1186 2790 esse
1220 2728 1375 2810 suspicor.

230 2833 376 2898 Primum
401 2832 540 2898 contulit
562 2830 731 2915 Kusterus,
754 2834 829 2914 post
853 2852 924 2895 eum
950 2830 1053 2896 multo
1074 2833 1258 2940 {accuratius
1283 2834 1373 2899 Gais-

232 2940 353 3006 fordus.
398 2939 474 3024 Ipse
492 2939 564 3005 Par.
584 2938 684 3021 2625,
708 2938 762 3022 qui
783 2938 1008 3023 neglegentius
1033 2960 1185 3027 excussus
1209 2945 1288 3024 erat,
1312 2941 1372 3005 Tu-

232 3049 365 3133 bingam
390 3046 524 3111 Parisiis
553 3046 685 3110 missam
716 3044 967 3131 diligentissime
993 3048 1167 3111 retractavi
1191 3048 1374 3133 multasque

231 3156 395 3237 lectiones,
413 3176 494 3239 quae
514 3153 612 3218 etiam
627 3151 835 3217 Gaisfcrdum
854 3153 1015 3237 fugerant,
1034 3153 1067 3217 in
1086 3159 1245 3238 apparatu
1263 3154 1374 3234 odiam,

231 3263 381 3348 inprimis
409 3261 458 3329 lit.
474 3265 506 3326 E
523 3296 557 3307 -
576 3265 613 3325 Θ.
658 3259 710 3324 Ad
738 3259 806 3325 cod.
825 3259 855 3324 A
879 3259 1058 3325 bonitatem
1081 3261 1226 3345 proxime
1250 3263 1374 3328 accedit

232 3408 442 3416 ῌα--ῌ

303 3506 328 3570 1)
352 3502 391 3556 Ut
412 3518 497 3555 unam
519 3517 579 3554 rem
602 3499 724 3554 breviter
746 3501 874 3568 tangam,
898 3499 960 3568 quis
979 3501 1022 3553 est
1040 3498 1214 3567 criticorum,
1238 3500 1285 3568 qui
1304 3500 1374 3555 duos

231 3582 364 3637 articulos
383 3580 501 3636 Violarii
519 3599 546 3650 p.
562 3584 613 3635 685
629 3595 686 3649 seq.
706 3579 740 3634 da
759 3578 864 3649 Pylade
883 3579 1018 3635 saltatore
1037 3582 1066 3634 st
1085 3577 1219 3635 Clearcho
1238 3597 1272 3634 ex
1289 3580 1375 3636 Athe·

233 3679 304 3717 naeo
323 3662 444 3716 intrusos
462 3664 663 3729 auctorumque
682 3660 781 3716 seriem
800 3677 998 3731 usquequaque
1018 3664 1156 3716 servatam
1177 3660 1375 3732 intempestive

231 3743 466 3813 interrumpentes
485 3743 515 3796 et
532 3757 549 3795 a
568 3741 685 3796 Violarii
707 3742 814 3797 ratione
838 3759 949 3811 prorsus
969 3742 1096 3796 recedere
1120 3744 1149 3796 et
1167 3742 1203 3796 ab
1222 3742 1374 3812 impostura

231 3823 388 3892 adscriptos
408 3839 468 3877 esso
487 3822 588 3891 neget?
618 3819 658 3874 Oi.
676 3840 703 3893 p.
720 3828 769 3876 111
786 3823 819 3877 dc
834 3822 975 3891 Archippo
990 3825 1042 3877 art.
1058 3824 1087 3876 et
1106 3821 1215 3876 Unters.
1234 3841 1262 3892 p.
1279 3829 1337 3877 164.

304 3904 331 3969 2)
350 3901 554 3957 Praestantiam
573 3900 717 3970 perspexit
736 3901 883 3956 Kusterus:
909 3902 993 3971 „Pan
1013 3907 1048 3972 Δ,
1072 3902 1119 3970 qui
1139 3901 1224 3955 trium
1243 3901 1303 3956 cod.
1323 3903 1373 3956 Ms.

231 3983 278 4052 qui
303 3981 332 4036 in
355 3982 529 4037 bibliotheca
551 3981 641 4051 Regia
659 3980 807 4036 Parisiensi
827 3982 1022 4050 adservantur,
1046 3981 1169 4051 optimus
1189 3985 1231 4037 eat
1249 3984 1279 4035 et
1297 3983 1373 4035 vetu-

230 4062 396 4120 stissimus‘⁸.
433 4063 475 4116 Da
499 4059 603 4116 codicis
627 4065 720 4117 astate
744 4066 818 4119 recte
841 4062 976 4118 iudicavit
993 4063 1080 4130 Hace,
1103 4062 1189 4131 prael.
1214 4061 1243 4115 in
1266 4061 1373 4131 Lydum

229 4162 256 4213 p.
277 4142 402 4197 XXVIII.
440 4142 569 4197 Ceterum
588 4141 617 4196 in
636 4142 697 4197 cod.
715 4144 776 4200 Par.
796 4149 865 4198 2625
883 4143 966 4198 hasce
986 4143 1098 4198 enotavi
1122 4143 1247 4197 lacunas:
1274 4141 1375 4197 desunt

231 4224 272 4278 lit.
289 4226 312 4276 E
331 4223 370 4294 gl.
386 4217 571 4292 ἕληλεγμένον
586 4254 619 4262 -
635 4219 800 4295 [παρ)ο’ντος
818 4219 954 4279 κινδύνου
974 4222 1011 4291 (in
1031 4224 1069 4293 gl.
1085 4218 1269 4293 ipponensis),
1289 4240 1373 4277 uuum

231 4306 262 4357 ut
281 4303 401 4371 videtur,
419 4300 532 4368 folium,
553 4301 595 4357 lit.
616 4303 637 4355 I
654 4297 822 4372 ὀνομάζουσι
841 4304 881 4371 (in
899 4305 937 4373 gl.
955 4300 1098 4372 Ἰγνάτιος)
1119 4334 1150 4342 -
1166 4304 1315 4365 πίπτοντες
1334 4301 1374 4364 εἰς

232 4381 347 4456 βασιλέα
366 4381 406 4450 (in
425 4382 461 4451 gl.
480 4375 616 4449 Ἰκτῖνος),
639 4382 694 4437 duo
714 4384 758 4437 vel
778 4383 832 4438 tria
850 4384 932 4450 folia,
955 4385 985 4438 in
1005 4383 1102 4440 cadem
1126 4382 1167 4438 lit.
1187 4379 1374 4456 ἀπειροκαλίᾳ

231 4464 270 4532 (in
289 4463 326 4530 gl.
345 4457 471 4529 Ἰούνιος)
492 4491 523 4500 -
544 4463 608 4518 cult.
630 4464 667 4534 gl.
688 4465 778 4534 spatio
798 4465 898 4520 idoneo
919 4464 1025 4520 relicto.
