3036 5114
655 293 869 350 HESYCHIUS.
1291 294 1334 358 85

189 458 307 541 ἔχοντα
336 455 619 542 προβαλλομένων
647 453 872 545 ζητημάτων,
886 452 986 546 άτινα
1013 455 1141 549 (λέσχας
1169 453 1334 539 ἐκάλεσεν,

188 565 236 642 είς
252 558 384 648 Ῥώμην
408 562 445 630 δὲ
466 568 607 649 κομίσας
628 564 684 631 καλ
706 567 767 631 τοῦ
780 558 923 652 ’Ἁπερος
945 562 1146 649 καταφανεὶς
1163 563 1334 650 κατέμεινε

188 673 383 757 σχολαρχῶν
412 670 449 736 ἐν
479 667 563 758 αύτὴ
588 669 639 737 ἐπὶ
663 672 838 737 Κλαυδίου
860 668 916 736 καὶ
940 670 1108 756 Νέρωνος.
1151 674 1272 756 ἔγραψε
1297 669 1333 737 δὲ

187 776 243 845 καλ
260 775 427 864 ποιήματα
451 776 546 846 ἐπικά
569 776 685 846 πολλά.

290 885 472 953 CCCXXII.
505 882 757 973 Ἡράκλειτος
779 883 961 964 Βλόσωνος
984 880 1005 971 ἡ
1027 882 1215 970 Βάκτωρος,
1240 887 1275 952 οί
1296 883 1333 952 δὲ
1347 907 1374 947 ⁵.

182 987 379 1077 Ὡρακίυου,
404 988 570 1078 Ἐφέσιος,
600 989 788 1078 φιλόσοφος
816 990 973 1077 φυσικός,
1004 985 1041 1069 δς
1067 991 1237 1087 ἐπε-κλὴθη-
1258 1012 1333 1088 §rn-
1366 1074 1369 1081 Ι

186 1097 304 1189 ποινάς.
341 1089 439 1178 οὗτος
461 1097 690 1186 ἐμαθήτευσευ
714 1094 829 1165 οὐδενὶ
848 1101 915 1165 τόν
935 1095 1147 1183 φιλοσόφων,
1170 1096 1271 1184 φύσει
1296 1097 1332 1168 δέ

98 1210 100 1215 ’
186 1207 242 1273 καλ
271 1207 437 1296 ἐπιμελείᾳ
460 1204 603 1293 ἠσκήθη.
641 1196 739 1285 οὗτος
762 1201 978 1290 ὑδρωπιάσας
1001 1201 1063 1272 ούκ
1087 1206 1241 1273 ἐνεδίδου
1263 1219 1334 1286 τοῖς

187 1317 313 1400 ἰατροῖς
339 1305 422 1402 ᾗπερ
446 1314 626 1400 ἐβούλοντο
654 1311 855 1399 θεραπεύειν
884 1309 1003 1398 αὐτόν,
1031 1307 1104 1379 ἀλλ’
1130 1310 1229 1393 αὐτὸς
1255 1318 1333 1399 βολ-

186 1426 267 1512 βίτῳ
295 1426 411 1509 χρίσας
438 1418 519 1490 ὅλον
548 1419 669 1489 ἑαυτὸν
696 1427 786 1488 είασε
814 1422 1024 1506 ξηρανθὴναι
1052 1422 1152 1487 τοῦτο
1181 1416 1246 1487 ὑπὸ
1270 1424 1332 1488 τού
1347 1444 1371 1481 10

184 1526 297 1615 ἡλίου,
329 1529 385 1596 καὶ
412 1535 566 1616 κείμενον
599 1510 704 1597 αὐτὸν
734 1526 833 1607 κύνες
860 1530 1111 1613 προσελθοῦσαι
1140 1528 1332 1596 διέσπασαν.

184 1639 219 1705 οί
249 1635 286 1703 δὲ
319 1633 415 1727 ἅμμῳ
448 1635 623 1724 χωσθέυτα
656 1634 760 1721 φασὶν
794 1632 990 1703 ἀποθανεῖν.
1040 1633 1128 1714 τινές
1159 1634 1196 1703 δὲ
1227 1633 1331 1704 αὐτὸν

185 1748 315 1830 ἔφασαν
335 1730 511 1811 διακοῦσαί
523 1739 742 1827 Ξενοφάνους
760 1741 815 1808 καί
825 1737 986 1808 Ἱππάσου
1006 1744 1066 1809 τοῦ
1081 1747 1331 1831 Πυθαγορείου.

184 1843 227 1938 ἡν
257 1849 294 1918 δὲ
317 1849 370 1917 ἐπὶ
392 1853 451 1937 τῆς
473 1848 526 1931 ἔθ’
550 1845 771 1936 ὀλυμπιάδος,
803 1847 855 1915 ἐπὶ
879 1852 1030 1942 Δαρείου
1052 1851 1113 1915 τοῦ
1132 1845 1330 1934 Ὑστάσπου,

185 1957 241 2025 καὶ
265 1957 387 2044 ’ἔγραψε
411 1954 515 2026 πολλὰ
539 1959 727 2042 ποιητικάς.
1345 1980 1370 2019 ω

274 2066 475 2134 COOXXIII.
498 2061 720 2152 Ἡρακλέων
737 2059 929 2148 Αἰγύπτιος,
948 2058 1012 2128 άπὸ
1032 2060 1145 2150 κόμης
1163 2061 1331 2144 Τιλάτεως
1395 2114 1399 2125 .

185 2171 287 2260 οὔσης
309 2169 375 2241 ὑπὸ
398 2175 438 2260 τῇ
456 2167 659 2258 Ἡρακλέους
681 2167 791 2254 πόλει,
815 2167 1048 2257 γραμματικός.
1094 2171 1268 2238 ἐπαίδευσε
1293 2171 1330 2240 δὲ

183 2280 221 2347 ἐν
244 2276 361 2367 Ῥώμη.
407 2283 551 2364 ἔγραψεν
582 2273 762 2362 ὑπόμνημα
792 2279 839 2355 είς
857 2272 1006 2362 ’Όμηρον
1032 2274 1114 2343 κατὰ
1143 2278 1329 2373 βαφῳδίαν,
1360 2299 1370 2331 ‹'

182 2386 238 2453 καλ
261 2391 308 2466 είς
330 2384 408 2466 τοὺς
433 2382 607 2472 λυρικοός,
634 2383 709 2469 περὶ
734 2385 803 2450 τῶν
826 2380 904 2467 παρ’
925 2380 1055 2475 Ὁμήρῳ
1079 2391 1329 2472 προστακτικῶν

186 2491 352 2580 ῥημάτων.
1342 2515 1370 2556 ιο

273 2601 473 2670 ΟΟΟΧΧΝ.
491 2597 659 2689 ’Ἠριννα
677 2604 781 2686 Τηνία
796 2595 816 2686 ἡ
833 2604 970 2685 Λεσβία,
990 2596 1035 2680 ὡς
1048 2599 1085 2668 δέ
1100 2598 1207 2685 άλλοι,
1226 2606 1329 2688 Τηλία
1391 2680 1394 2685 ,
1419 2666 1434 2691 ,Ι
1471 2615 1504 2655 ‹·..

184 2709 308 2795 (Τὴλος
331 2708 371 2775 δέ
391 2710 460 2777 ἐστι
482 2711 637 2796 νησίδιον
657 2704 756 2808 ἐγγὺς
775 2707 937 2794 Κνίδου),
960 2705 1049 2787 τινὲς
1068 2706 1105 2775 δὲ
1123 2707 1178 2774 καὶ
1194 2704 1327 2777 Ῥοδίαν

252 2867 268 2914 2
288 2877 365 2915 error
383 2860 472 2916 latere
490 2858 610 2928 videtur,
630 2854 742 2925 άπερως
756 2862 831 2910 ΔΒΕ

252 2939 396 2996 CCCXXII
415 2939 455 2995 cf.
474 2939 560 2996 schol.
579 2939 689 2993 Platon.
705 2937 743 2992 VI
757 2955 784 3008 p.
800 2943 850 2993 347
866 2939 959 2993 Herm.
982 2938 1056 3008 quod
1075 2954 1217 3008 apponere
1236 2938 1328 2996 iuvat:

184 3017 357 3090 Ηράκλειτσς
380 3016 545 3088 Βαθέωνος,
566 3013 708 3088 Ἐφέσιος,
734 3014 922 3088 μεγαλόφρων
945 3015 1067 3089 γεγονός
1093 3017 1143 3073 καί
1167 3013 1328 3089 ὑπερόπτης

182 3096 250 3171 παρ’
272 3097 412 3156 ὁντινοῦν.
445 3092 527 3164 οὗτος
545 3096 577 3154 τὸ
597 3099 647 3154 τοῦ
666 3095 746 3168 ἡλίου
766 3097 862 3169 ἔλεγεν
881 3095 955 3154 εἶναι
975 3100 1066 3170 σχῆμα
1090 3099 1260 3169 σκαφοειδές
1279 3102 1327 3156 καί

181 3176 341 3250 ὑπόκυρτον
359 3179 409 3235 καλ
432 3175 484 3250 τὴν
507 3178 633 3247 ἔκλειψιν
656 3175 746 3234 αὐτοῦ
769 3181 935 3252 συμβαίνειν
959 3177 1030 3236 κατά
1048 3176 1099 3250 τὴν
1122 3182 1172 3236 τοῦ
1193 3200 1326 3251 σκαφοει-

181 3263 250 3325 δοῦς
269 3257 406 3331 στροφήν,
428 3254 497 3315 ὥστε
516 3256 548 3315 τὸ
568 3259 620 3331 μὲν
639 3265 734 3316 κοῖλον
753 3255 812 3315 άνω
832 3260 995 3330 γίγνεσθαι,
1019 3257 1050 3316 τὸ
1075 3259 1107 3317 δὲ
1127 3259 1230 3332 κυρτὸν
1249 3261 1325 3318 κάτω

180 3338 252 3412 πρὸς
269 3339 321 3397 τίν
339 3336 480 3412 ἡμετέραν
495 3335 573 3410 ὅφιν.
596 3335 666 3396 άλλά
681 3337 736 3412 μὴν
751 3338 800 3395 καί
814 3336 968 3411 Ξενοφάνη
988 3337 1038 3396 τὸν
1053 3339 1237 3410 Κολοφώνιον
1253 3364 1324 3398 κατα

182 3423 277 3495 σβέσιν
301 3417 352 3490 τὴν
374 3416 494 3492 ἡλιακὴν
519 3418 644 3489 ἔκλειψιν
667 3421 760 3491 λέγειν
783 3421 937 3491 γίγνεσθαί
960 3439 1048 3490 φασιν
1075 3420 1124 3476 καί
1147 3418 1232 3476 πάλιν
1255 3420 1326 3492 πρὸς

180 3509 243 3567 ταῖς
256 3498 407 3565 άνατολαῖς
420 3497 547 3571 όνίσχειν
561 3497 658 3559 αὐτόν.
688 3499 808 3557 Omnino
822 3502 896 3556 haee
906 3518 1034 3557 manasse
1049 3519 1083 3557 ex
1096 3501 1237 3558 Plutarch.
1248 3504 1323 3561 Plan.

180 3584 251 3641 Phil.
271 3585 309 3651 Π,
329 3589 377 3651 22,
397 3589 412 3637 2
432 3584 462 3638 et
480 3588 526 3652 24,
546 3590 577 3651 3,
596 3590 613 3639 4
631 3583 771 3653 μετευοείλ
789 3582 941 3651 Mettum,
964 3582 999 3635 δο
1018 3581 1104 3638 schol.
1125 3583 1233 3637 Platon.
1253 3584 1324 3642 font.

180 3684 206 3735 p.
227 3670 260 3719 69
315 3670 332 3718 σ
351 3659 497 3725 Βλόσωνος
516 3679 531 3717 ο
549 3663 630 3735 Diog.
650 3665 701 3732 lx,
720 3671 732 3717 1
754 3680 823 3717 corr.
841 3661 1008 3734 Bernhardy
1027 3663 1075 3732 qni
1092 3665 1239 3733 praeterea
1252 3662 1326 3734 Βρό-

180 3763 268 3806 σωνος
291 3744 450 3814 proposuib,
474 3739 617 3807 Βλόσωνος
635 3744 700 3799 libri
719 3742 872 3806 Βαθέωνος
891 3744 972 3800 schol.
992 3743 1102 3800 Ρίαλυα,
1141 3740 1324 3815 βάκτωροςΔ

180 3819 339 3898 βλαύτωρος
356 3828 403 3876 BE
422 3819 566 3895 βαότωρος
584 3829 606 3877 V
625 3822 780 3897 βλεότωνσς
797 3824 847 3880 rel.
924 3820 1135 3894 δἩρακίοντος
1156 3826 1236 3895 Dioy.
1257 3823 1324 3896 δρα-

179 3909 258 3967 κῖνος
274 3908 295 3956 Β
314 3899 449 3972 ἡρακῖνος
466 3910 489 3957 v
507 3901 641 3973 ἡραιῑνσς
660 3922 744 3975 supra
762 3926 795 3961 ου
814 3906 946 3961 οδδὶλοΕ
964 3900 982 3975 ἡ
1003 3909 1033 3960 et
1051 3904 1152 3960 deinde
1172 3906 1263 3975 spatio
1282 3926 1323 3961 re·

178 3982 247 4038 licto
265 3987 288 4035 A
306 3983 425 4038 sortasse
445 4000 513 4039 corr.
530 3979 704 4052 Ἡρακῶντος
770 3992 801 4041 10
820 3987 857 4059 τῷ
878 3981 945 4055 ἡλίῳ
963 3990 1014 4038 AV
1085 3991 1117 4039 14
1136 3980 1174 4051 ξε’
1194 3991 1229 4054 Δ,
1249 3986 1323 4055 quod

179 4062 277 4118 laudat
296 4065 468 4132 Grrtsrhmid,
487 4066 537 4120 sed
553 4066 587 4121 cf.
603 4063 716 4121 Clinton
730 4084 756 4134 p.
767 4065 853 4120 21Kr.
910 4071 943 4119 15
962 4064 1096 4120 nonnulla
1114 4066 1160 4120 hic
1179 4066 1243 4120 add.
1257 4066 1322 4121 Sui-

179 4147 230 4201 δαν
249 4164 282 4200 ex
298 4145 452 4215 Byzantino
472 4148 606 4202 historico
625 4145 775 4216 desumpta
793 4148 838 4216 (cf.
859 4146 972 4202 Cedren.
993 4147 1006 4199 Ι
1023 4165 1050 4216 p.
1070 4149 1135 4214 276)

250 4225 407 4281 cccxxlss
428 4227 467 4282 cf.
483 4247 508 4281 v.
524 4229 649 4298 Δίδυμος
663 4223 677 4280 ὁ
693 4223 834 4290 Κλαύδιος
890 4234 923 4282 16
945 4224 1135 4291 Τιλιάτεωςν
1188 4233 1219 4281 17
1234 4247 1322 4298 γραμ-

178 4302 295 4376 ματικός
315 4324 367 4362 om.
387 4313 410 4361 Δ
484 4316 517 4364 18
536 4302 567 4371 ὃς
585 4305 754 4365 ἐπαίδευσεν
774 4302 805 4361 ἐν
824 4308 927 4363 rectius
947 4308 1067 4364 tentavib
1085 4309 1251 4378 Bernhardy

250 4386 405 4442 cccxxlv
426 4389 521 4445 Vitam
540 4389 687 4459 descripsit
705 4388 833 4444 Ειιοίιιλλ.
849 4387 885 4443 οδ
899 4388 931 4444 Il.
948 4390 972 4442 ΙΙ
986 4407 1013 4458 p.
1029 4395 1081 4444 326
1096 4404 1152 4456 seq.
1199 4394 1232 4442 21
1250 4387 1321 4442 Τιία

180 4466 321 4523 detortum
340 4484 400 4523 esne
420 4485 454 4523 ex
474 4471 561 4541 Τηλία
584 4469 740 4540 suspicatus
759 4469 802 4523 est
819 4468 998 4538 Bernhardy,
1022 4467 1070 4522 sed
1089 4484 1122 4521 ex
1141 4465 1235 4536 Steph.
1255 4468 1319 4538 Byz;
