3036 5114
152 319 215 384 228
612 322 824 379 HESYCHIUS.

151 476 497 568 ἀνδραποδισθέντων
524 485 591 549 τῶν
619 482 794 569 Κυθήρων
821 480 886 551 ὑπὸ
914 488 1195 572 Λακεδαιμονίων
1225 483 1315 574 ήγο-
1332 523 1379 566 m.

152 587 263 676 ράσθη
286 585 352 656 ὑπὸ
371 585 549 676 Ἀγεσόλου
567 587 659 669 τινὸς
681 590 736 657 καὶ
759 586 815 657 ὑπ’
839 587 944 658 αὐτοῦ
964 590 1099 679 ἐτράφη,
1122 593 1180 660 καλ
1201 593 1314 683 Μύρ-

46 752 51 765 ,
150 696 213 781 μηξ
246 695 405 764 ἐκαλεῖτο·
439 695 622 784 ἐπαιδεύθη
656 697 693 765 δὲ
725 695 805 784 μετά
836 696 897 765 τὸν
925 697 1078 767 θάνατον
1103 697 1310 787 Ἀγεσύλου,

150 808 409 872 Μελανιππίδου
427 806 613 929 πριαμένου
632 802 735 873 αὐτὸν
754 809 815 873 τοῦ
833 810 982 894 λυρικοῦ.
1010 813 1131 896 ἔγραψε
1151 806 1189 875 δὲ·
1192 816 1310 897 μελι-

7 915 11 921 ’
122 912 215 989 ϋκῶς
241 917 459 998 γενεαλογίαν
481 916 549 980 τῶν
574 915 754 982 Αίακιδῶν.

237 1019 465 1086 DOCOXLIH
506 1018 722 1100 Φιλόξενος
742 1016 976 1106 Ἀλεξανδρεὺς
997 1022 1236 1110 γραμματικός,
1263 1023 1307 1104 ός

149 1124 385 1219 έσοφίστευσεν
414 1127 451 1192 ἐν
468 1122 586 1214 Ῥῶμη.
632 1126 707 1214 περὶ
733 1126 997 1213 μονοσυλλάβων
1020 1127 1191 1217 ῥημάτων,
1220 1134 1305 1219 περὶ

148 1236 294 1318 σημείων
318 1234 386 1299 τῶν
411 1233 447 1299 ἐν
471 1235 510 1320 τῇ
528 1228 653 1319 Ἰλιάδι,
676 1233 751 1319 περὶ
774 1237 841 1301 τῶν
865 1238 913 1314 είς
935 1262 972 1321 μι
995 1234 1169 1323 ληγόντων
1192 1238 1304 1324 ῥημά·

146 1364 230 1423 των,
259 1339 333 1425 περὶ
357 1342 619 1426 διπλασιασμοῦ,
650 1340 739 1434 περὶ,
747 1342 891 1428 μέτρων,
914 1342 989 1429 περλ
1011 1346 1070 1429 τῆς
1092 1347 1159 1411 τῶν
1183 1351 1304 1430 Συρα-

111 1451 296 1516 ῑϋκουσίων
321 1447 505 1533 διαλέκτου,
529 1446 603 1535 περὶ
628 1448 830 1534 έλληνισμοῦ
853 1445 897 1532 ς’,
920 1448 995 1536 περὶ
1019 1455 1196 1537 συζυγιῶν,
1220 1455 1301 1542 περὶ

147 1557 308 1639 γλωσσῶν
332 1552 373 1637 ε’,
401 1555 476 1641 περὶ
498 1557 566 1622 τῶν
590 1552 668 1641 παρ’
689 1551 819 1645 Ὁμήρῳ
843 1559 1019 1640 γλωσσῶν,
1047 1557 1203 1645 περὶτῆς
1228 1567 1299 1626 Λα-

146 1659 266 1727 κώνων
290 1660 474 1742 διαλέκτου,
498 1659 573 1747 περλ
597 1663 655 1745 τῆς
676 1659 779 1739 λάδος
802 1661 978 1730 διαλέκτου
995 1664 1137 1732 καὶτῶν
1156 1671 1297 1736 λοιπῶν.

235 1767 462 1836 DOOOXLIV.
504 1769 726 1854 <Φίλιππος
741 1765 1008 1941 ’οπίοάντιος>,
1031 1769 1279 1858 φιλόσοφος,“
1261 1802 1301 1855 ος

146 1873 227 1975 τοὺς
253 1873 448 1977 Πλάτωνος
460 1872 600 1961 Νόμους
630 1877 753 1943 διεῖλεν
783 1878 831 1954 είς
840 1881 970 1977 βιβλία
999 1876 1059 1970 ιβ’·
1087 1877 1124 1946 τὸ
1132 1877 1218 1971 γάρ
1242 1885 1299 1971 γ’

109 2001 135 2042 15
148 2010 249 2062 αυτος
279 1992 480 2079 προσθειναι
513 1969 809 2081 λέγεταικαὶ
787 2008 831 2067 ην
866 1966 1080 2110 Σωκράτους
1100 1963 1155 2052 καὶ
1188 1982 1298 2056 αὐτοῦ

82 2167 86 2175 ,
150 2090 334 2171 Πλάτωνος
360 2087 540 2176 άκουστής,
569 2089 734 2176 σχολάσας
757 2101 827 2168 τοις
850 2088 1034 2178 μετεῶροις.
1080 2086 1128 2160 ῶν
1152 2091 1189 2160 δέ
1213 2093 1298 2164 κατά

150 2203 318 2266 Φίλιππον
346 2194 406 2265 τὸν
431 2195 616 2265 Μακεδόνα
645 2197 877 2283 συνεγράψατο
906 2195 998 2265 τάδε·
1026 2197 1101 2284 περὶ
1128 2203 1188 2328 τής
1211 2197 1297 2269 άπο-

146 2304 292 2384 στάσεως
319 2301 417 2391 ἡλίου
445 2303 499 2370 καλ
529 2303 684 2389 σελήνης,
712 2303 786 2391 περὶ
814 2308 906 2372 θεῶν
929 2306 974 2390 β’,
1002 2306 1076 2393 περὶ
1100 2305 1227 2393 χρόνον
1251 2311 1298 2394 α’,

146 2414 221 2500 περὶ
244 2411 367 2498 μόθων
391 2408 437 2496 α’,
461 2409 536 2498 περὶ
554 2413 747 2498 ἐλευθερίας
766 2410 811 2496 α’,
835 2412 909 2497 περὶ
929 2409 1031 2498 ὀργῆς
1049 2411 1100 2499 α’,
1123 2416 1198 2503 περὶ
1218 2413 1298 2483 άντ-

105 2516 339 2598 Ξοαποδόσεως
370 2516 417 2606 α’,
449 2518 523 2603 περὶ
553 2521 695 2606 Λοκρῶν
728 2521 795 2585 τῶν
816 2515 1033 2605 Ὀπουντίων,
1067 2520 1142 2609 περὶ
1169 2519 1299 2609 ἡδονῆς

145 2625 192 2714 α’,
216 2627 290 2716 περὶ
315 2632 436 2716 ἔρωτος
459 2625 506 2712 α’,
529 2627 604 2715 περὶ
629 2630 738 2712 φίλων
761 2626 816 2693 καλ
839 2632 953 2712 φιλίας
971 2627 1017 2714 α’,
1040 2626 1194 2715 περὶτοῦ
1214 2628 1297 2714 γρά-

146 2762 235 2822 φειν,
259 2734 334 2824 περὶ
354 2734 547 2820 Πλάτωνος,
571 2732 646 2821 περὶ
665 2734 840 2815 ἐκλείψεως
858 2733 1011 2822 σελήνης,
1033 2735 1108 2821 περὶ
1127 2737 1299 2822 μεγέθους

145 2838 244 2932 Ιήλίου
271 2841 326 2910 καλ
356 2840 498 2929 σελήνης
523 2840 580 2908 καλ
602 2843 664 2926 γῆς
686 2838 731 2924 α’,
760 2839 834 2926 περὶ
857 2837 1052 2927 άστραπῶν,
1075 2841 1149 2929 περὶ
1169 2849 1297 2929 πλαυη·

144 2953 228 3034 τῶν,
264 2945 484 3037 άριθμητικά,
521 2947 596 3031 περὶ
628 2944 828 3031 πολυγόνων
861 2943 1032 3035 ἀριθμῶν,
1069 2944 1213 3016 όπτικῶν
1246 2949 1297 3036 β’,

106 3077 132 3116 ει
148 3057 331 3123 ἐνοπτικῶν
353 3055 401 3142 β’,
423 3051 600 3138 κυκλιακά,
624 3050 806 3138 μεσότητας
827 3052 883 3119 καλ
906 3051 998 3122 άλλα.

236 3161 445 3229 DCOOXLV.
476 3159 746 3248 Φιλόστρατος
770 3161 999 3250 Φιλοστράτου
1017 3167 1079 3231 τοῦ
1097 3163 1152 3231 καλ
1166 3163 1303 3250 Βήρου,

148 3293 360 3300 ———-—-—-—-

11 1860 73 1911 Mis.

1326 2162 1380 2205 hh

218 3376 231 3423 1
250 3364 405 3439 Ἀθηναίων
423 3384 474 3439 pro
489 3371 558 3421 Λακ.
575 3382 644 3421 corr.
659 3362 812 3436 Βαναίαν,
832 3367 981 3423 Meinekel
1001 3386 1026 3438 p.
1043 3373 1103 3423 635.
1142 3366 1182 3421 ef.
1201 3367 1290 3422 etiam

145 3446 265 3520 Hesych.
285 3447 310 3504 ἰ
328 3447 475 3506 Δοόλωνα.
511 3443 561 3503 τόν
580 3442 715 3517 μουσικὸν
736 3444 900 3517 Φιλόξενον,
922 3445 1021 3517 ἐπειδὴ
1042 3449 1143 3510 δοῦλος
1162 3441 1291 3517 ἐγεγόνει

145 3526 161 3584 ά
183 3528 342 3596 Φιλόξενος·
363 3523 400 3602 ἦν
418 3530 450 3586 δὲ
469 3527 501 3586 τό
520 3527 602 3599 γένος
622 3523 769 3597 Κυθήριος

216 3611 398 3667 DOCCXLIII
415 3612 490 3667 Eud.
505 3629 533 3680 p,
549 3615 608 3666 718.
623 3607 738 3663 Tractat
752 3606 851 3675 Kleist‚
866 3608 901 3663 de
915 3609 1023 3665 Philox.
1038 3625 1154 3680 gramm.
1170 3607 1292 3678 (Gryph.

148 3695 226 3759 1865)
298 3688 553 3760 8mmstco'uemvv
625 3689 914 3758 θδιπλασιαομῶνῗ
988 3694 1020 3742 10
1040 3687 1192 3759 διαμέτρου
1211 3691 1259 3740 ΒΕ

147 3775 180 3823 12
199 3768 264 3838 περὶ
280 3765 369 3832 ’λάδος
389 3802 421 3809 -
441 3771 506 3825 exit.
527 3787 580 3825 om.
597 3771 672 3826 Eud.

216 3847 397 3903 Dcccxhlv
416 3849 492 3904 Eud.
516 3867 543 3918 p.
559 3856 611 3903 ‘120
667 3855 699 3902 13
718 3848 759 3902 De
778 3865 870 3903 errore
888 3847 995 3902 librarii
1015 3846 1072 3902 dixi
1088 3848 1196 3902 Unters.
1211 3866 1240 3918 p.
1257 3854 1292 3902 99

145 3933 203 3984 not.
220 3937 233 3983 1
254 3926 409 3999 φιλόσοφος
428 3922 459 3993 ὃς
477 3928 542 3984 libri
561 3931 590 3983 et
609 3928 683 3982 Εαιί.
703 3930 762 3983 Φιλ.
782 3923 838 3982 'Ora
859 3922 891 3991 ὃς
911 3929 1048 3983 Westerm.
1072 3927 1151 3982 nixus
1170 3929 1293 3983 auctori·

146 4012 205 4065 tate
223 4009 324 4076 Vossii,
343 4011 466 4067 Reinesii
484 4010 520 4065 al.
540 4009 586 4080 (cf.
598 4010 677 4064 Voss.
697 4009 762 4063 hist.
778 4007 823 4063 Gr.
843 4008 905 4079 p.V
921 4011 976 4064 not.
988 4007 1095 4077 west).
1129 4009 1232 4063 Verum
1251 4007 1293 4062 vi-

148 4091 248 4146 derunt
267 4090 415 4145 Gessnerm
434 4091 469 4147 al.
552 4096 585 4143 15
605 4083 694 4143 αὐτοῦ
713 4090 764 4141 Πλ.
783 4092 832 4139 ΔΕ
851 4082 940 4141 αὐτοῦ
959 4087 1008 4141 τοῦ
1027 4086 1075 4141 rel.
1159 4091 1191 4138 1⁷
1209 4089 1293 4141 λακε-

149 4168 297 4241 δαιμόνιον
316 4173 338 4222 V
413 4174 445 4222 19
464 4170 529 4240 περὶ
548 4165 634 4238 όργής
654 4199 686 4207 -
701 4161 810 4237 Ιἡδονῆς
828 4163 859 4221 α’
879 4166 987 4221 omissis
1011 4165 1076 4235 περὶ
1094 4162 1156 4220 άντ.
1177 4161 1208 4220 α’
1227 4168 1294 4236 post

147 4251 296 4322 πλανητῶν
315 4249 435 4320 ponitv
525 4245 749 4312 άνταποδιόσεως
767 4249 842 4303 Eud.
931 4252 965 4301 22
989 4246 1052 4315 περὶ
1077 4241 1131 4303 έκλ.
1156 4244 1206 4300 καλ
1228 4244 1294 4313 περὶ

148 4354 209 4405 μεγ.
228 4335 301 4404 υαλγ.
320 4331 395 4386 Εαά.
415 4329 479 4398 περὶ
499 4323 555 4383 luz.
575 4325 693 4396 σελήνης
710 4333 813 4383 Am

220 4413 387 4469 DCCCXLV
406 4412 481 4467 Εαιί.
497 4428 524 4480 p.
537 4414 596 4463 715.
616 4407 716 4462 Errata
730 4409 759 4464 in
777 4407 958 4478 sequentibus
972 4405 1037 4462 vitis
1054 4407 1164 4477 aperuit
1173 4406 1293 4479 Kayser,

149 4496 234 4565 praef.
254 4495 290 4550 ad
309 4494 366 4549 vit.
387 4494 471 4564 Soph.
487 4511 519 4563 η).
534 4490 637 4545 XXVII
652 4505 709 4556 seq.
729 4492 758 4545 et
771 4489 836 4545 mai.
851 4490 893 4545 ed.
908 4506 934 4559 p.
949 4488 975 4542 II
990 4489 1047 4543 not.
1106 4494 1140 4543 2ο·
1155 4487 1205 4542 τοῦ
1225 4484 1292 4542 υλοῦ
