3036 5114
617 355 829 412 HESYCHIUS.
1250 351 1293 415 83

148 519 278 602 πρῶτος
304 507 383 604 ἦρξε
409 520 471 585 τοῦ
497 514 576 602 παρ’
607 515 721 598 αὐτοῖς
747 517 1008 603 πολιτευομένου
1034 513 1199 602 ὀνόματος
1225 516 1293 580 τῶν

45 646 114 697 σου,
148 621 288 709 Μάγων.
340 624 469 710 ἐγένετο
501 623 538 691 δὲ
569 623 632 713 τιρὸ
663 629 730 694 τῶν
764 626 923 711 Τρωικῶν
951 629 1036 691 ἔτεσι
1059 621 1108 709 φ’.
1158 622 1293 708 φέρεται

148 729 185 797 ‹II
217 726 321 798 αὐτοῦ
353 730 429 816 περὶ
460 729 593 817 φύσεως
623 737 738 820 βιβλία
772 736 791 799 5
798 733 817 817 '‚
851 731 924 818 περὶ
957 736 1067 799 λίθων
1094 735 1212 817 τιμίων
1246 730 1294 811 έν,

149 833 428 926 άστεροσκοιτικά,
451 835 731 927 άκοτελεσματικὰ
755 844 869 925 βιβλία
893 838 930 906 ε’.

238 955 406 1023 CCCXIII.
453 953 702 1042 Ζωρομάσὸ
712 981 791 1041 ρης
819 958 987 1033 Χαλδαῖος
1018 954 1133 1040 σοφός.
1171 957 1322 1040 έμραψεσ

151 1059 364 1149 μαθηματικά
387 1061 443 1130 καὶ
466 1059 601 1148 φυσικά.

238 1180 406 1248 CCCXIII.
436 1177 619 1265 Ζάσιμος
634 1174 870 1265 Ἀλεξανδρεὺς
883 1174 1078 1264 φιλόσοφος.
1107 1174 1295 1263 Χημευτικέι

149 1283 232 1375 πρὸς
264 1292 446 1373 Θεοσεβίαν
479 1283 540 1374 τὴν
573 1283 724 1373 ἀδελφήν
758 1287 841 1375 (ἔστι
875 1285 912 1353 δὲ
943 1282 1042 1373 κατὰ.
1058 1298 1223 1372 στοιχςῖρν
1258 1286 1295 1352 ἐν

149 1398 292 1480 βιβλίοις
318 1395 380 1481 κη’,
409 1393 624 1482 ἐπιγράφεται
654 1392 691 1461 ‹II
714 1389 780 1461 ὑπό
803 1419 907 1461 τινων
931 1391 1170 1480 Χειρόκμητα),
1197 1389 1252 1458 καὶ
1277 1387 1294 1456 5
1325 1396 1341 1425 s

151 1498 333 1580 Πλάτωνος
351 1506 433 1587 βίος.
483 1487 486 1490 ,
1309 1530 1334 1569 ιο

238 1616 389 1686 CCCXV.
427 1616 607 1705 Ζωσιμος
630 1624 770 1700 Γαζαῑος
796 1611 817 1705 ἣ
839 1614 1093 1704 Ἀσκαλωνίτης,
1122 1613 1294 1703 σοφιστής,

43 1742 108 1780 και.
149 1721 233 1792 κατὰ
256 1720 335 1803 τοὺς
357 1723 502 1812 χρόνους
522 1722 741 1794 Ἀναστασίου
758 1728 819 1793 τοῦ
843 1727 1013 1810 βασιλέως.
1059 1727 1182 1810 ἔγραψε
1206 1724 1296 1802 λέξιν

152 1830 333 1921 ῥητορικὴν
351 1829 616 1922 κατὰ-στοιχέϊρν
636 1833 690 1901 καὶ
713 1829 895 1920 ὑπόμνημα
922 1836 969 1913 εἰς
985 1829 1046 1899 τὸν
1065 1831 1296 1917 Δημοσθένην

151 1938 206 2005 καὶ
230 1943 277 2019 είς
301 1945 441 2009 Λυσίαν.

240 2055 408 2124 CCCXVI.
435 2052 614 2143 Ἡγήμων
637 2052 655 2123 5
676 2055 808 2143 Θάσιος,
832 2052 850 2124 ὁ
876 2056 1190 2148 έκικληέζείςιφακῇ.
1227 2057 1294 2123 τῶν
1312 2076 1337 2116 ιο
1355 2088 1373 2105 ··

150 2161 328 2249 ὁραμάτων
358 2160 463 2230 αὐτοῦ
491 2163 559 2230 ἐστι
585 2166 745 2245 Φίλιννα,
771 2159 817 2256 ᾡς
836 2159 1024 2255 [Affinis—p
1051 2163 1087 2230 έν
1112 2170 1295 2230 Δειπνοσο-

151 2283 294 2355 φισταίς.

241 2378 425 2446 CCCXVII.
461 2374 745 2464 Ἡγήσιππος.
799 2369 912 2462 [οὗτός
945 2378 1035 2446 ἐστιν
1064 2375 1082 2446 5
1112 2376 1298 2473 Ιίρωβάλος
1406 2424 1417 2435 ,-

151 2482 425 2572 ἐκικαλοάμενος,
455 2475 496 2583 05
513 2487 629 2583 ,δοκεῖ’
643 2505 732 2583 τισιν
756 2481 842 2578 εἶναι
866 2481 884 2552 5
911 2483 937 2566 ζ’
955 2485 1162 2580 Η(λίιλιιττιικὸς
1183 2495 1297 2577 Λημο-
1315 2546 1336 2579 q,
1356 2537 1364 2553 ,.

151 2589 600 2691 σβένονκς-ἐτιιγροιηιόμενος]
624 2594 693 2660 τῶν
718 2590 897 2680 δραμάτων
921 2587 1026 2660 αὐτοῦ
1051 2593 1119 2660 έστι
1145 2592 1294 2659 Φιλέται-
1310 2632 1336 2671 20

152 2725 224 2784 ρος,
248 2695 293 2778 ὥς
312 2688 501 2787 Ἀθήναιος.

240 2791 441 2877 CCCXVIII.
475 2803 685 2895 Ἡνίοχος
707 2803 903 2894 Ἀθηναῖος,
936 2807 1080 2897 κωμικὸς
1111 2813 1169 2906 τῆς
1191 2808 1298 2904 μέσης

151 2917 335 3004 κωμωδίας.
381 2919 448 2983 ἔστι
472 2918 541 2984 τῶν
566 2912 744 3002 δραμάτων
769 2912 873 2984 αὐτοῦ
895 2915 987 2985 τάδε·
1015 2900 1189 3004 Τροχίλος,
1210 2912 1297 2983 'Est
1336 2958 1342 2967 ·-
1429 2950 1432 2955 ·

153 3112 238 3184 νομλμ
258 3110 334 3168 Eud.
361 3104 394 3176 ὃς
417 3111 466 3167 καί
485 3142 518 3152 -
537 3109 611 3167 ἔτεσι
639 3106 673 3178 φ’
697 3127 750 3165 om.
770 3110 846 3167 Eud.
874 3131 992 3184 pergens
1016 3111 1122 3184 ἔγραψε
1147 3112 1212 3182 κερλ
1231 3130 1297 3182 φυσ.

154 3210 180 3245 κ.
199 3211 221 3247 τ.
239 3195 271 3258 1.,
291 3187 321 3261 φ’
341 3191 474 3247 vitiosum
493 3208 553 3246 esse
573 3189 708 3262 probetur
726 3189 808 3262 Diog.
829 3194 852 3262 I,
870 3198 886 3246 2

223 3281 354 3336 CCCXIII
373 3283 448 3338 Eud.
463 3302 491 3353 p.
505 3288 570 3349 325,
590 3299 661 3351 quae
680 3282 767 3337 verba
785 3285 855 3350 μαθ,
876 3285 905 3336 et
923 3301 988 3351 φνσ.
1005 3283 1123 3339 invertit
1177 3286 1298 3351 ῠΖωρο-

156 3358 247 3431 μάδης
264 3367 311 3415 BE
331 3359 556 3435 anoflniodpcv

224 3449 354 3506 CCCXIV
373 3452 448 3507 Eud.
467 3469 494 3520 p.
515 3457 566 3507 325
621 3458 638 3507 8
659 3450 765 3522 ἔγραψε
785 3447 939 3523 χυμεοτικά
958 3446 1209 3521 Ενά.ἷχυμεντικά
1225 3451 1298 3520 vulp.

136 3552 138 3555 ·
152 3527 313 3600 χειμευτιιιά
328 3536 375 3584 ΔΒ
394 3533 608 3600 sequentieom.
623 3537 647 3584 V
700 3528 993 3602 θάπομράφεταιη
1007 3532 1083 3587 Eua.
1122 3526 1298 3586 tomEud.

223 3610 341 3667 CCCXV
359 3612 434 3667 Eud.
454 3629 481 3681 p.
501 3618 552 3668 322
637 3618 670 3667 12
689 3611 765 3667 idem
783 3611 906 3682 lexieon,
929 3613 1005 3682 quod
1028 3612 1115 3669 etiam
1134 3609 1233 3666 Suidss
1252 3609 1299 3664 ed·

155 3691 276 3747 hibuisse
295 3693 416 3749 traditur

223 3781 355 3837 CCCXVI
374 3779 415 3835 De
430 3782 488 3837 viia
502 3781 536 3836 ef.
551 3780 641 3852 Daub,
656 3782 690 3838 ds
705 3782 781 3837 said.
796 3802 822 3853 p.
839 3789 898 3839 484.
918 3784 1034 3839 Tractat
1043 3781 1170 3839 MeineIss
1182 3784 1194 3837 I
1208 3799 1235 3850 p.
1246 3787 1299 3835 214
1388 3830 1391 3835 .

154 3867 186 3916 le
205 3856 370 3931 δραμόντων
389 3866 411 3914 V
435 3862 580 3931 sequentia
598 3864 684 3918 verba
703 3862 805 3918 Suidse
824 3864 889 3918 libri
912 3867 978 3933 pest
1000 3865 1192 3933 insequentem
1211 3862 1299 3917 vitam

95 3976 103 3986 ·
152 3941 297 3997 exhibent:
316 3942 434 3997 fortasse
454 3959 522 3997 corr.
544 3945 653 4011 Φιλίνηε
673 3942 707 3999 cf.
727 3943 828 4000 Athen.
848 3944 898 3998 XV
916 3963 943 4015 p.
962 3952 1028 4015 699,
1048 3948 1201 3999 Φίλλιναέ

223 4030 367 4087 CCCXVII
394 4032 528 4101 Hesychii
551 4031 637 4087 vitem
666 4036 768 4102 poet-se
794 4032 894 4088 comici
919 4033 1096 4102 inquinatam
1122 4050 1182 4089 esse
1209 4034 1320 4103 alters}

152 4111 211 4168 viIs
228 4112 361 4180 rhetoris,
381 4130 452 4181 quse
473 4115 549 4169 extet
568 4112 642 4182 apud
661 4112 913 4184 Harpocrationem
932 4114 978 4184 (ef.
992 4114 1074 4170 Phot.
1089 4114 1142 4169 Iex.
1162 4117 1192 4169 et
1205 4114 1297 4183 Etym.
1318 4124 1327 4161 7

152 4193 214 4262 II),
233 4193 289 4248 Iam
307 4193 379 4248 sidit
396 4192 544 4249 Ruhnken.
563 4193 628 4249 hist.
648 4194 708 4249 crit.
728 4212 767 4250 or.
787 4214 814 4265 p.
829 4192 955 4250 LXXIX:
975 4194 1009 4251 cf.
1024 4193 1153 4249 Meineks
1173 4194 1185 4246 I
1204 4212 1231 4263 p.
1246 4199 1299 4247 416

153 4288 210 4340 seq.
230 4275 260 4327 et
278 4289 349 4340 quse
369 4271 427 4325 dixi
445 4270 515 4326 Mus.
534 4273 622 4327 Rhen.
646 4274 665 4330 1.
685 4292 708 4331 ο.
728 4293 755 4347 p.
775 4280 827 4330 211
924 4280 957 4329 18
977 4269 992 4328 ὁ
1012 4269 1192 4346 άρώβυλοςν

156 4357 187 4406 19
206 4350 312 4407 Iniuria
330 4353 416 4407 verba
434 4353 489 4406 τῶν
505 4383 537 4393 -
555 4354 619 4408 exit.
639 4355 754 4410 seclusit
772 4355 908 4411 Westerm.
964 4360 998 4409 21
1013 4354 1114 4408 Athen.
1129 4352 1181 4408 v11
1194 4370 1222 4424 p.
1238 4359 1298 4408 212.

157 4434 319 4500 Φιλαίτερος
337 4437 365 4484 1
378 4437 470 4488 ΔΙΗ

224 4511 384 4568 CCCXVIII
403 4513 442 4569 CI.
459 4533 482 4569 s.
494 4510 682 4579 Πολύευκτος.
702 4518 743 4573 Ds
758 4534 792 4573 οο
807 4515 964 4587 disputavit
977 4513 1104 4570 Meineke
1119 4515 1131 4568 I
1145 4532 1172 4583 p.
1183 4520 1234 4569 422
1243 4531 1299 4584 seq.

1049 4606 1086 4659 6*
