3036 5114
246 320 288 384 32
714 322 926 379 HESYOHIUS.

335 482 468 549 CXXII.
500 480 713 570 ’Ἀρχιππος
736 480 930 570 Ἀθηναῖος,
959 483 1110 577 κωμικὸς
1130 482 1276 576 ,άρχαῖ-ος..
1324 487 1390 554 ἑνί-

243 608 344 674 κησεν
368 586 454 669 άπαξ
478 590 529 657 ἐπὶ
553 594 611 676 τῆς
629 589 684 669 ου’
707 589 923 678 ὀλυμπιάδος.
1428 608 1458 637 “·

334 696 511 763 CXXXIII.
537 693 723 784 Ἀρχύτας
745 705 960 783 Ταραντῖνος,
974 697 1143 768 Ἑστιαίου
1161 700 1234 780 υίὸς
1253 696 1274 787 ἢ
1293 708 1388 788 Μνη-

244 803 370 889 σάρχου
399 799 419 889 ἢ
445 804 670 890 Μνασαγέτου
692 800 713 891 ἢ
737 805 987 892 Μυασαγόρου,
1015 806 1203 894 φιλόσοφος
1226 816 1389 894 Πυθαγο-

217 910 343 996 σρικός.
381 902 478 991 οὗτος
497 911 664 980 Πλάτωνα
689 918 792 981 ἔσωσε
818 913 862 1000 μὴ
882 917 1095 1000 φονευθῆναι
1113 912 1179 982 ὑπὸ
1200 920 1390 983 Διονυσίου
1416 962 1469 987 2...

158 1024 161 1029 ’
242 1023 302 1086 τοῦ
317 1018 498 1104 τυράννου.
526 1023 587 1087 τοῦ
600 1024 719 1087 κοινού
734 1021 771 1087 δὲ
785 1025 854 1088 τῶν
865 1018 1061 1088 Ἰταλιωτῶν
1075 1023 1230 1110 προέστη,
1251 1042 1389 1108 στρατη-

241 1124 300 1212 μὸς
332 1126 480 1211 αἱρεθεὶς
512 1125 726 1215 αὐτοκράτωρ
759 1123 824 1194 ὑπὸ
857 1130 926 1194 τῶν
955 1131 1102 1196 πολιτεόν
1128 1130 1184 1196 καλ
1214 1133 1281 1197 τῶν
1312 1129 1388 1215 περὶ

241 1234 372 1300 ἐκεῖνον
404 1231 465 1301 τὸν
497 1232 602 1302 τόπον
628 1231 808 1319 Ἑλλήνων.Ι
858 1232 926 1321 ἅμα
955 1234 991 1301 δὲ
1018 1234 1073 1301 καλ
1102 1216 1309 1322 φιλοσοφίαν
1337 1239 1388 1303 ἐκ-

241 1340 412 1408 παιδεύων
445 1341 599 1428 μαθηταῖς
628 1338 657 1408 τ’
688 1342 847 1423 ἐνδόξους
874 1347 948 1429 ἔσχε
975 1342 1030 1409 καλ
1058 1348 1172 1428 βιβλία
1200 1344 1388 1431 συνέγραψε

203 1478 228 1516 ro
241 1447 356 1515 πολλά.
395 1453 528 1532 [τούτου
548 1452 702 1534 φανερῶς
715 1451 875 1533 γενέσθαι
895 1449 1100 1517 διδάσκαλον
1119 1447 1387 1537 Ἐμπεδοκλέους.

239 1555 296 1622 καλ
332 1560 493 1642 παροιμία
523 1553 697 1642 εἈρχύτου
729 1554 906 1642 πλαταχη’,
942 1553 993 1623 ὅτι
1025 1553 1182 1644 Ἀρχύτας
1213 1558 1387 1645 πλαταγὴν

240 1654 350 1748 εὗρεν,
365 1660 437 1749 ἥτις
451 1662 541 1729 ἐστὶν
555 1659 645 1740 εἶδος
659 1659 810 1749 ὀργάνου
824 1653 908 1748 ἦχον
921 1662 976 1729 καὶ
991 1664 1105 1749 ψόφον
1119 1662 1384 1749 άποτελοῦντος.]

330 1770 474 1837 CXXIV.
500 1765 674 1846 Ἀσίνιος
694 1766 1020 1856 ΙΙωλίωνῬωμαίος.
1049 1769 1388 1859 ίστορίαςῬωμαίκάς

240 1878 417 1958 συνέταξεν
442 1877 478 1943 ἐν
501 1880 645 1961 βιβλίοις
668 1873 719 1956 ιζ’.
759 1865 856 1954 οὗτος
879 1879 1009 1962 πρῶτος
1032 1877 1209 1966 ἑλληνικὴυ
1234 1882 1386 1964 ἱστορίαν

153 2012 157 2019 ’
213 1985 415 2071 σρωμαϊκῶς
437 1982 680 2071 συνεχράψατο.

329 2093 458 2160 CXXV.
488 2087 773 2175 Ἀσκληπιάδης
798 2095 963 2176 Διοτίμου
986 2091 1189 2179 Μυρλεανὸς
1212 2093 1323 2182 (πόλις
1347 2095 1388 2162 δέ

239 2241 451 2249 -κ--η--ι-

239 2319 322 2373 hosce
341 2332 483 2385 nunquam
503 2311 629 2368 extitisse
649 2309 800 2365 somniavit
820 2312 909 2367 Ραλαλι
926 2331 953 2384 p.
968 2321 1003 2370 82
1062 2322 1096 2370 26
1115 2315 1256 2387 μηχανικὰ
1276 2320 1384 2374 muthe-

239 2398 337 2453 mutioi
358 2413 417 2451 esso
436 2397 532 2450 monet
551 2393 711 2448 Gutschmid

310 2476 410 2534 CXXII
429 2477 503 2531 Ειαλ,
523 2481 626 2545 ρ.117.
664 2470 779 2527 Tractat
797 2472 926 2529 Meineke
945 2476 957 2528 1
976 2493 1003 2545 p.
1018 2481 1070 2531 sot
1141 2484 1153 2531 1
1176 2475 1306 2548 ἐνίκησεν
1325 2496 1382 2548 seq.

238 2576 292 2613 om.
312 2558 401 2624 Eum
422 2556 508 2611 vitam
527 2554 678 2609 inseruisse
697 2551 726 2607 in
745 2552 903 2625 Violurium¹
923 2554 1133 2625 interpolatoris
1156 2577 1270 2614 menum
1288 2559 1385 2614 docuit

244 2640 410 2701 Volkmann,
431 2639 543 2703 Quaest.
563 2653 626 2690 nov.
646 2653 673 2704 p.
690 2635 728 2690 VI

311 2719 422 2775 CXXIII
441 2719 482 2773 Cf.
502 2718 598 2787 Steph.
617 2718 683 2784 Byz.
702 2735 727 2771 v.
750 2713 857 2785 Τάραςς
879 2716 962 2787 Diog.
977 2718 1056 2785 VIII,
1076 2725 1109 2773 79
1192 2726 1209 2773 3
1226 2714 1244 2789 ἢ
1264 2723 1384 2774 Μνασα-

238 2802 321 2870 με’τσυ
340 2820 373 2856 ex
393 2805 494 2853 Am
513 2797 576 2853 odd.
597 2797 732 2863 Guissord
790 2803 806 2851 8
827 2793 943 2853 ἐκείνων
963 2799 1012 2854 sed
1030 2816 1047 2854 o
1066 2817 1203 2869 suprascr.
1221 2805 1244 2854 Δ
1298 2807 1314 2854 9
1334 2800 1384 2855 καλ

237 2884 302 2936 oute
317 2883 387 2954 βιβλ.
403 2899 455 2936 om.
471 2884 501 2931 Δ.
524 2877 564 2931 Cf.
580 2878 650 2932 Mus.
665 2876 753 2931 Rhen.
768 2876 871 2932 XXXV
885 2897 912 2948 p.
928 2885 980 2933 205
1037 2886 1070 2934 10
1083 2880 1183 2936 τοῦτον
1196 2912 1232 2921 -
1246 2881 1311 2937 exit.
1326 2897 1384 2934 non

237 2963 272 3017 ab
287 2962 426 3031 Hesychio
445 2961 572 3031 profectu
591 2960 667 3023 suut;
687 2960 809 3013 osterum
830 2961 961 3029 φανερῶς
977 2960 1141 3014 mendosum
1161 2977 1222 3016 esse
1240 2962 1384 3032 perspexit

236 3044 415 3112 Bernhardy,
435 3041 482 3095 sed
498 3039 572 3109 quod
585 3037 733 3109 proposuit
746 3040 815 3108 φησὶ
830 3043 937 3103 Φανίας
956 3037 971 3095 ὁ
989 3035 1113 3108 Ἐρέσιος
1131 3041 1177 3096 vix
1193 3041 1260 3096 ferri
1273 3043 1380 3112 potest;

237 3120 340 3177 τοῦτόν
359 3142 429 3191 φασι
448 3141 516 3189 par.
531 3120 615 3174 Duub
634 3119 734 3173 τοῦτον
754 3117 881 3188 φανερὸν
900 3120 1062 3176 Gutseomuz
1153 3127 1185 3175 ll
1205 3121 1240 3175 de
1259 3119 1379 3191 orepItu-

237 3204 300 3259 culo
319 3204 401 3257 Areh.
422 3203 456 3255 of.
476 3200 559 3255 Arist.
580 3200 638 3255 Pol.
653 3199 731 3265 VIII,
751 3205 766 3253 6
841 3206 873 3254 12
892 3202 978 3263 εἴτις
997 3206 1019 3253 Δ
1037 3195 1055 3270 ἢ
1075 3202 1147 3270 vulp.
1167 3200 1216 3255 καὶ
1234 3206 1285 3255 Η

308 3282 419 3338 CXXIV
435 3281 474 3337 Cf.
486 3280 586 3335 Suidus
596 3298 621 3334 v.
633 3281 758 3334 Πυλίων.
770 3280 844 3336 Eud.
855 3301 882 3352 p.
890 3290 954 3350 5923
970 3283 1104 3350 Thouret,
1114 3283 1149 3337 de
1160 3280 1215 3337 Cio.
1225 3282 1299 3337 Asin.
1309 3281 1380 3337 Poll.

236 3368 290 3421 eto.
305 3363 390 3434 (Lips.
407 3364 494 3430 1878).
515 3360 554 3415 cf.
571 3376 642 3429 quae
661 3359 695 3412 do
710 3359 882 3416 Pollionibus
901 3362 960 3416 dixi
974 3361 1045 3417 Mus.
1059 3363 1146 3419 Rhen.
1161 3362 1277 3417 XXXVI
1291 3369 1381 3432 puls

237 3463 292 3514 seq.
338 3451 370 3498 13
383 3439 563 3504 ἈσσίννισςΔ
580 3437 708 3503 Ἀσίννιος
722 3442 793 3510 vulp.
840 3447 872 3495 14
887 3434 1089 3504 oritus—exit.
1104 3458 1138 3496 ex
1153 3442 1280 3497 uberiore
1294 3459 1378 3512 expo·

236 3527 336 3582 sitione
351 3524 504 3596 compilata
517 3526 546 3577 et
558 3523 592 3576 de
605 3521 738 3592 Pompeio
753 3522 843 3593 Trogo
858 3521 1049 3592 intellegendo
1063 3538 1123 3576 osse
1139 3522 1208 3577 coni.
1220 3521 1381 3577 θιιίοελιιιιίδ

308 3605 406 3659 CXXV
425 3604 500 3658 Eud.
521 3621 547 3672 p.
565 3608 628 3667 109,
648 3620 719 3671 quae
738 3620 791 3657 om.
811 3602 860 3656 καλ
875 3598 1022 3672 Εὐμενοῦς
1041 3633 1074 3642 -
1095 3599 1232 3674 βασιλέων
1251 3603 1281 3654 et
1299 3597 1380 3656 ἒπαί·

236 3688 318 3739 δευσε
344 3716 378 3724 -
402 3685 467 3738 exit.
509 3683 638 3737 Ceterum
665 3682 699 3735 oi.
724 3681 820 3751 Steph.
844 3684 909 3752 Byz.
936 3702 962 3739 v.
987 3680 1129 3751 Mriptssu3
1155 3683 1255 3748 Iaehrs,
1280 3683 1381 3739 Herod.

236 3785 262 3835 p.
278 3772 342 3829 4293
362 3764 469 3830 Rotae,
486 3762 556 3818 Mus.
576 3762 663 3816 Rhen.
683 3761 798 3816 XXXIII
817 3782 843 3833 p.
861 3771 911 3818 173
931 3767 987 3818 not.
1003 3769 1033 3832 4,
1053 3763 1168 3817 XXXIV
1186 3783 1214 3834 p.
1230 3770 1289 3819 571.
1319 3763 1382 3834 Ipse

236 3846 271 3901 de
289 3845 349 3901 vitu
368 3844 414 3914 egi
429 3844 497 3899 Mus.
512 3841 599 3896 Rhen.
615 3840 717 3895 XXXV
731 3860 757 3911 p.
774 3848 825 3897 206
841 3861 898 3914 seq.
932 3843 1175 3901 Perturbotionem
1189 3843 1302 3899 articuli
1316 3843 1381 3897 iude

237 3927 328 3980 ortam
347 3940 420 3992 esse,
443 3921 517 3991 quod
535 3920 691 3990 Hesychius
711 3923 786 3991 opud
804 3923 951 3979 Philonem
970 3927 1040 3980 duos
1059 3925 1198 3979 invenerit
1216 3923 1380 3994 grammati·

237 4022 283 4060 oos
303 4003 426 4059 eiusdem
445 4001 576 4069 nominis,
596 4019 680 4056 uuum
700 4003 882 4058 Nicaeenses]
902 4006 1009 4075 (Steph.
1024 4003 1090 4071 Byr.
1107 4003 1242 4073 Νίκαια),
1261 4002 1380 4070 Myrlea-

237 4104 302 4141 uum
316 4086 445 4151 alterum,
464 4099 581 4151 quorum
597 4081 669 4140 vitus
685 4099 779 4137 errans
794 4084 960 4155 confuderit,
974 4085 1047 4140 vidit
1060 4083 1162 4139 Rohde.
1187 4083 1249 4153 Ipse
1263 4083 1380 4138 iunioris

236 4167 323 4222 vitum
338 4165 377 4219 sio
391 4163 514 4218 restitui:
533 4158 613 4217 Ἀσκλ.
629 4194 661 4202 -
677 4166 743 4218 Νικ.
758 4183 858 4233 γραμμ.
879 4161 1096 4234 (Κρατήτειοςλ),
1117 4163 1216 4232 μέμονε
1233 4158 1280 4218 ἐπὶ
1292 4159 1381 4218 Ἀττά-

236 4253 286 4303 λου
305 4247 474 4317 (138-133)
495 4242 543 4297 καὶ
563 4241 731 4298 ἐπαίδευσεν
750 4240 781 4298 ἐν
800 4240 949 4316 Περγάμῳ.
979 4240 1129 4299 ἐπαίδευσε
1149 4244 1198 4297 καλ
1217 4242 1258 4306 είς
1272 4239 1380 4314 Ῥώμην

238 4325 285 4384 ἐπὶ
300 4325 449 4397 Πομπηίου
463 4324 513 4377 τοῦ
531 4343 590 4393 μεη.
608 4320 713 4390 ἔγραψε
729 4322 830 4393 πολλά,
849 4325 1015 4394 antiquioris
1035 4322 1212 4393 grammatici
1227 4324 1279 4379 εἰοε
1296 4320 1380 4379 Ἀσκλ.

239 4444 270 4450 --
290 4411 379 4477 Μυρλ.
400 4425 510 4476 γραμμ,
529 4400 659 4489 μαηητης
676 4400 728 4458 'Aru
744 4403 842 4473 ηεήονε
862 4403 894 4459 δὲ
914 4401 962 4459 ἐπὶ
977 4400 1123 4474 Εὐμενοῦς
1141 4406 1307 4472 (let-159)
1325 4405 1376 4458 τοῦ

238 4487 269 4546 ίν
284 4485 424 4561 Περγάμῳ
439 4483 572 4559 βασιλέως
586 4484 634 4538 καλ
650 4480 818 4539 ἐπαίδευσεν
833 4480 864 4539 ἓν
880 4481 1079 4560 Ἀλεξανδρεία,
1100 4480 1146 4539 snt
1164 4484 1213 4539 τοῦ
1229 4482 1259 4538 δ’
1275 4487 1379 4540 Πτολε-
