3036 5114
193 305 257 371 192
657 307 872 366 HESYCHIUS.

280 467 456 537 DOOVIII.
485 474 666 558 Σεβῆρος
699 469 859 559 σοφιστὴς
881 468 1042 560 Ῥωμαίος
1056 528 1063 542 .
1079 527 1087 542 .
1102 525 1130 541 ..
1169 469 1206 557 [ὁ
1232 477 1345 561 Σεβῆ-

192 601 250 661 ρος
278 565 376 655 οὗτος
404 576 456 644 ἐπὶ
487 572 667 666 Ἀνθεμίου
693 582 854 665 βασιλέως
886 572 944 667 ἦν,
977 583 1014 649 ἐν
1044 580 1274 671 Ἀλεξανδρείᾳ
1305 581 1344 650 δὲ

192 681 398 771 ἀφικόμενος
419 683 479 753 τὸν
502 682 701 775 άπράγμονα
725 692 803 773 βιόν
827 693 896 774 ἔζη,
920 693 1118 776 φιλοσοφῶν
1142 691 1179 757 ἐν
1197 693 1344 774 βιβλίοις

196 788 363 877 ἀφθόνοις
387 784 485 862 οὖσιν
510 791 599 889 αὐτῷ
623 795 679 863 καὶ
701 800 936 876 παντοδαποῖς.
972 806 1062 885 εἴπερ
1087 798 1127 864 δέ
1146 824 1195 876 τις
1218 799 1342 883 ἕτερος,

165 897 310 978 σίκανδς
344 891 386 986 ἦν
420 902 646 988 ἐπαγαγέσθαι
678 902 756 982 τοὺς
790 904 842 971 ἐπὶ
875 907 1009 994 παιδείᾳ
1038 904 1268 992 διενεγκόντας
1296 901 1344 984 ὡς

195 1002 298 1074 αὑτὸν
323 1010 410 1075 ίίναι
433 1009 603 1090 πολλάκις·
627 1009 770 1097 ἐπιεικής
793 1015 907 1098 τε...]

282 1125 423 1191 DOCJX.
451 1129 680 1206 Σεκοῦνδος
696 1122 875 1212 Ἀθηναῖος
894 1126 1065 1214 σοφιστής,
1089 1124 1126 1209 δς
1144 1126 1342 1217 ἐχρημάτισε

190 1229 359 1318 Πλήνιος,
393 1231 620 1319 ἐπωνομάζετο
654 1232 690 1300 δὲ
722 1233 776 1299 καί
802 1231 977 1326 Ἐπίουρος
1007 1231 1051 1313 ὡς
1077 1234 1150 1315 υίὸς
1176 1237 1339 1316 τέκτονος.

191 1338 384 1426 καθηγητὴς
416 1338 453 1407 δὲ
485 1340 602 1426 γέγονε
634 1340 689 1406 καὶ
711 1336 867 1426 Ἡρώδου
898 1344 959 1408 τοῦ
989 1346 1164 1428 σοφιστοῦ.
1215 1347 1341 1429 ἔγραψε
1365 1364 1429 1414 aot

152 1469 178 1508 10
192 1447 327 1540 μελέτας
350 1444 537 1535 ῥητορικάς.

280 1565 405 1631 DCCX.
441 1565 669 1642 Σέλευκος
690 1561 926 1648 Ἀλεξανδρεὺς
952 1563 1192 1650 γραμματικός,
1220 1561 1258 1644 ὃς
1285 1567 1340 1633 ἐπ-

191 1668 317 1759 εκλήθη
336 1666 526 1756 Ὁμηρικός,
549 1672 764 1755 ἐσοφίστενσε
786 1668 823 1738 δὲ
847 1671 883 1736 ἐν
901 1666 1019 1759 Ῥώμη.
1057 1676 1202 1757 ἔγραψεν
1225 1674 1340 1760 ἐξηγη-

121 1801 134 1821 ‘
188 1775 263 1845 τικά
292 1782 339 1857 είς
366 1776 473 1845 πάντα
502 1774 547 1856 ὡς
569 1780 675 1844 εἰπεῖν
699 1775 856 1864 ποιητήν,
884 1778 1041 1865 περὶτῆς
1064 1781 1100 1846 ἐν
1125 1778 1339 1866 σννωνύμοις

190 1889 371 1972 διαφοράς,
400 1883 475 1972 περὶ
503 1888 570 1952 τῶν
598 1887 730 1964 ψευδῶς
754 1885 1038 1972 πεπιστευμένων,
1065 1887 1140 1972 περὶ
1162 1889 1232 1955 τῶν
1254 1882 1334 1972 παρ’

44 1984 93 2020 ³
149 2016 175 2057 ιτ
186 1981 437 2082 Ἀλεξανδρεῦσι
474 1997 677 2081 παροιμιῶν,
714 1992 789 2080 περὶ
821 1997 914 2060 θεῶν
945 1998 1058 2079 βιβλία
1091 1995 1127 2081 ρ’
1160 1994 1215 2061 καὶ
1253 1993 1339 2062 ἄλλα

190 2100 364 2189 σάμμικτα.

114 2296 125 2305 ..
277 2211 417 2278 cccxl.
446 2209 641 2286 Σέλευκος
656 2204 832 2292 Ἐμισηνὸς
851 2204 1092 2296 Ιγραμματικός
1104 2207 1119 2299 Ι.
1144 2206 1336 2277 Ἀσπαλιευ-

108 2336 118 2354 ²
187 2314 262 2384 τικά
296 2314 341 2385 δι’
378 2320 466 2384 ἐπῶν
496 2320 611 2401 βιβλία
640 2312 686 2397 δ’,
715 2312 722 2404 Ι
748 2317 794 2392 εἰς
821 2312 900 2392 τοὺς
931 2313 1090 2402 λυρικοὺς
1121 2313 1338 2407 ὑπόμνημαΙ,

188 2421 347 2511 Παρθικὰ
368 2422 439 2492 δύο.
471 2421 527 2490 καὶ
545 2419 649 2489 ἄλλον
669 2421 709 2488 δέ
726 2446 800 2489 τινα
819 2422 1022 2490 Σέλευκον
1046 2413 1146 2515 εὗρον
1170 2424 1207 2520 ἐν
1228 2447 1333 2519 παρα-

151 2554 177 2594 ao
191 2529 298 2633 θήκη,
320 2537 433 2618 βιβλία
458 2529 494 2600 δέ
519 2521 580 2599 οὐκ
603 2527 677 2617 εἶχε.

190 2662 403 2672 ———.

260 2728 397 2795 cccviii
411 2747 465 2784 om.
479 2729 613 2783 Westerm.
666 2733 679 2780 1
695 2724 811 2781 Lemma
829 2742 846 2779 a
864 2723 1012 2782 Damascio
1031 2727 1152 2797 potitum
1166 2746 1229 2784 cum
1243 2727 1339 2783 verbis

189 2812 317 2883 Σεβίγρος
337 2844 368 2850 -
384 2807 530 2880 Ῥωμαῖος,
554 2827 571 2863 a
594 2807 694 2876 quibus
719 2806 822 2874 eclogia
846 2807 882 2859 ad
901 2807 1034 2862 Severum
1053 2808 1252 2878 imperatorem
1271 2826 1337 2878 spe·

137 2940 141 2945 .
190 2892 330 2946 etantibns
349 2893 474 2947 seiuncta
490 2890 615 2953 fuerunt,
635 2888 782 2941 cohaerere
803 2887 942 2941 intellexit
955 2888 1100 2942 Kasteraa.
1129 2887 1239 2943 Excidit
1256 2889 1336 2944 vitae

189 2973 381 3042 Hesychianae
399 2990 477 3043 pars,
495 2973 590 3037 itaque
610 2969 725 3021 lacunae
749 2965 858 3034 signum
879 2966 973 3034 posui3
993 2966 1066 3020 inira
1085 2967 1181 3036 posuit
1201 2967 1339 3035 Gaissord

260 3051 368 3105 ccclx
389 3050 429 3104 cf.
449 3046 767 3114 Philostrut.vit.1,co
834 3054 850 3102 8
870 3044 992 3116 Πλήνιος
1010 3051 1117 3100 ΔΒΗ
1131 3053 1189 3104 Ald.
1210 3052 1337 3112 Πλυνιος

189 3129 238 3182 rel.
255 3126 434 3199 Πολεμώνιος
448 3128 518 3182 coni.
536 3126 709 3195 Bernhardy.
739 3127 841 3182 Suidnc
856 3130 991 3193 erratum,
1011 3129 1059 3196 qui
1082 3130 1195 3184 omnino
1211 3129 1335 3184 Plinium

190 3208 345 3264 Secundum
361 3212 391 3264 et
409 3210 563 3280 sophistam
582 3206 721 3275 confudit,
740 3209 909 3262 notaverunt
927 3209 1088 3264 Holstcniuc
1106 3212 1135 3264 et
1153 3210 1298 3265 Reioenius

190 3298 205 3345 9
234 3285 361 3360 Ἡρώδου
388 3296 439 3344 Av
468 3285 621 3358 Ἡροδότου
653 3286 701 3340 rel.
743 3286 846 3341 Verum
879 3288 950 3342 vidit
977 3289 1138 3344 Ηοίελτκίιιε
1172 3291 1235 3344 coll.
1269 3291 1334 3346 loco

189 3371 355 3427 Philostrati

260 3452 357 3507 DCCX
376 3453 451 3508 Eud.
470 3471 496 3522 p.
513 3456 572 3506 cla.
606 3450 643 3505 cf.
665 3448 767 3504 Mdller
783 3449 819 3503 lll
839 3468 866 3519 p.
882 3456 947 3516 50⁰3
967 3450 1003 3504 M.
1020 3450 1158 3520 Schmidt,
1178 3450 1280 3508 Philol.
1296 3453 1337 3507 lll

189 3553 215 3604 p.
231 3541 283 3588 436
297 3551 367 3603 seq.;
387 3533 480 3600 Daub,
502 3533 580 3588 stud.
601 3550 626 3602 p.
650 3537 699 3585 118
792 3536 823 3584 13
847 3526 940 3585 πάντα
965 3563 997 3569 -
1021 3527 1139 3601 ποιητήν
1165 3532 1211 3600 „in
1238 3549 1337 3589 omnen

190 3614 391 3683 propemodum
411 3617 543 3684 poetas“;
565 3629 711 3682 perperam
731 3612 866 3665 Kncterue
902 3608 951 3664 τὸν
975 3613 1039 3666 aute
1066 3609 1186 3681 ποιητήν
1209 3613 1334 3669 inserens

190 3695 285 3747 vertit:
305 3694 333 3746 in
353 3695 444 3746 totum
459 3698 572 3761 poetam
589 3709 625 3746 sc.
640 3692 800 3747 Homerum.
828 3691 900 3755 Quid
915 3691 988 3745 enim
1009 3687 1045 3754 ὡς
1065 3690 1156 3747 εἰπεῖν
1175 3692 1337 3762 significat?

192 3779 224 3827 15
244 3768 271 3840 ρ’
292 3791 364 3842 susp.
384 3774 509 3840 Doubio,
528 3774 581 3827 nisi
601 3772 693 3842 potius
713 3773 748 3825 ad
768 3789 863 3827 omnes
882 3772 966 3825 libros
986 3773 1040 3826 Sel.
1061 3771 1235 3826 referendum

261 3861 371 3917 DOCXI
391 3862 466 3917 Eua.
487 3863 504 3916 l.
520 3880 552 3931 c.,
570 3879 642 3930 quac
661 3860 761 3931 incipit
779 3862 827 3915 καί
847 3860 940 3929 ἕτερος
954 3865 986 3917 Σ.
1045 3867 1075 3915 ll
1095 3857 1247 3931 Ἐμεσηνός
1260 3865 1337 3933 vulp.

187 3936 336 4015 Ἐμισηνός
355 3950 378 3997 A
396 3949 455 3999 Ald.
474 3943 549 3999 Eud.
652 3947 684 3997 18
707 3943 775 4014 βιβλ.
795 3938 825 3995 α’
842 3946 865 3993 A
929 3941 1036 4010 είςεεη.
1053 3942 1242 3999 Alexandrino
1257 3945 1338 4000 dedit

191 4027 320 4091 Schmidt,
340 4025 509 4080 adeundam
524 4025 610 4078 etiam
624 4023 800 4094 grammatici
815 4023 1033 4093 appellationem
1048 4024 1159 4078 rettulit
1175 4024 1337 4081 Gatsclima'd

192 4114 225 4163 19
249 4103 450 4175 παρθενικὰΒ
537 4104 585 4159 καί
608 4101 693 4159 άλλον
716 4135 748 4144 -
773 4104 837 4158 exit.
863 4120 915 4157 om.
935 4104 1025 4172 Eud,
1052 4103 1155 4172 quibus
1183 4105 1217 4159 de
1243 4106 1336 4161 verbis

191 4190 228 4244 ad
246 4190 380 4244 librorum
403 4186 524 4241 indicem
548 4184 752 4256 spectantibus,
773 4184 929 4255 disputavit
947 4184 1119 4250 Volkmann,
1139 4183 1251 4250 Quaest.
1270 4202 1333 4240 nov.

191 4334 217 4386 p.
233 4316 272 4370 Xl
292 4319 349 4371 not.
366 4321 398 4368 13
472 4306 502 4366 ἐν
521 4277 632 4378 ccccm
651 4315 674 4362 A
693 4301 724 4364 ἓν
744 4275 927 4379 ἐμπαραθτλί
947 4304 978 4363 ἐν
997 4305 1153 4380 παραθήκη
1169 4310 1336 4382 Bernhardy

192 4390 276 4466 εὖρον
290 4392 359 4466 παρ’
377 4391 515 4468 Ἀθηναίῳ
530 4392 600 4447 coni.
616 4391 719 4460 Roltdc,
734 4390 804 4448 Mus.
817 4392 903 4447 Rhcn.
922 4390 1037 4445 XXXlll
1052 4409 1079 4459 p.
1096 4395 1144 4443 182
1160 4391 1222 4445 coll.
1234 4391 1335 4449 Athen.

191 4477 242 4532 XV
261 4496 288 4549 p.
304 4483 354 4534 cal
