3036 5114
603 335 817 394 HESYCHIUS.
1216 331 1280 397 109

136 501 370 589 κοντάβιβλος,
403 497 424 589 ἡ
456 505 568 568 πᾶσαν
604 497 756 588 ἰατρικὴν
788 495 970 586 ἐπιστήμην
1003 523 1037 565 τε
1069 495 1124 563 καὶ
1157 500 1281 580 σοφίαν

137 612 385 699 ἐμπεριέχουσα.

226 718 390 787 0000111.
423 713 680 803 Ἱπποκράτης
699 720 731 781 Γ
728 717 910 782 υωσιδίκου
933 711 1017 796 υἷάς,
1043 715 1151 803 Κῷος,
1174 706 1281 798 πατὴρ

134 823 355 914 Ἡρακλείδου
372 827 434 892 τοῦ
455 823 580 907 πατρὸς
596 819 845 905 Ἱπποκράτους,
869 817 983 906 ίατρὸς
1005 819 1060 886 καὶ
1083 815 1198 901 αὐτός,
1220 819 1282 884 τοῦ

137 935 257 1019 γένους
274 937 342 1000 τῶν
363 930 622 1016 Ἀσκληπιαδῶν.
653 926 813 1014 ίατρικήν.
1296 947 1309 986 ι
1370 923 1374 929 ’

227 1040 391 1108 cccclv.
431 1035 689 1124 Ἱπποκράτης
711 1033 896 1119 Θεσσάλου,
920 1037 1019 1125 Κῷος
1040 1029 1166 1118 ἰατρός,
1191 1035 1283 1116 ἔγγο-

137 1173 196 1227 νος
233 1145 271 1214 δὲ
297 1143 533 1230 Ἱπποκράτους
569 1148 629 1212 τοῦ
667 1143 825 1230 δευτέρου
857 1144 917 1209 τοῦ
947 1143 1025 1209 υίοῦ
1053 1137 1282 1225 Ἡρακλείδου.

140 1260 262 1342 ἔγραψε
285 1253 340 1321 καὶ
364 1251 465 1332 αὐτὸς
487 1251 627 1338 ίατρικά.

227 1361 374 1429 000017.
404 1357 661 1445 Ἱπποκράτης
686 1358 849 1444 τέταρτος,
878 1353 895 1424 ὁ
923 1353 1128 1442 Δράκοντος,
1158 1351 1283 1439 ίατρός,

41 1526 61 1555 Π
72 1532 89 1557 ,1,
95 1530 107 1559 a.
140 1471 238 1559 Κῷος
251 1467 306 1535 καὶ
320 1464 431 1552 αὐτός,
452 1470 514 1535 τοῦ
527 1462 632 1533 αὐτοῦ
651 1465 781 1550 γένους,
801 1461 838 1545 ὃς
856 1463 1007 1549 ίάτρευσε
1026 1461 1087 1549 μὲν
1101 1459 1282 1547 Ῥωξάνην,
1298 1484 1323 1523 ιο
1396 1472 1409 1495 ·'
1428 1482 1442 1495 ··

140 1571 205 1641 ὑπὸ
235 1573 271 1642 δὲ
295 1573 502 1660 Κασάνδρου
528 1576 678 1663 τελευτᾷ,
706 1575 766 1639 τοῦ
791 1575 871 1639 υίοῦ
891 1568 1116 1657 Ἀντιπάτρου.
1161 1574 1283 1655 ἔγραψε

137 1681 193 1748 καὶ
216 1676 318 1758 αὐτὸς
341 1678 480 1767 ἰατρικά.

230 1788 393 1856 0000111.
421 1782 675 1871 Ἱπποκράται
699 1784 774 1871 δύο,
797 1787 941 1874 πέμπτος
959 1786 1015 1853 καὶ
1035 1787 1137 1869 ἕκτος,
1162 1788 1282 1871 ἰατροί,

140 1900 338 1982 Θυμβραῖον
360 1897 489 1981 παῖδες,
512 1896 607 1986 Κῷοι
629 1893 685 1960 καὶ
709 1891 821 1979 αὐτοί,
849 1898 911 1963 τοῦ
934 1896 1054 1981 γένους
1077 1896 1137 1960 τοῦ
1166 1891 1280 1960 αὐτοῦ.

139 2008 289 2088 ἔγραψαν
312 1998 496 2088 ἀμφότεροι
519 2005 566 2081 είς
589 1997 650 2086 τὴν
674 1997 780 2086 αὐτὴν
803 1999 994 2087 ἐπιστήμην.
1298 2020 1323 2060 1⁶

228 2107 410 2178 ccccvll.
445 2104 704 2194 Ἱπποκράτης
727 2109 879 2194 ἕβδομος,
905 2111 1003 2200 Κῷος
1025 2108 1080 2176 καὶ
1101 2104 1211 2189 αὐτός,
1237 2110 1284 2174 ία-
1376 2098 1380 2105 ⁸

137 2215 225 2304 τρός,
244 2213 496 2301 Πραξιάνακτος
513 2227 600 2298 παῖς,
623 2215 678 2281 καί
698 2211 799 2294 αὐτὸς
818 2215 852 2282 ἐκ
872 2218 933 2283 τοῦ
952 2215 1071 2302 γένους
1089 2217 1150 2283 τοῦ
1170 2211 1284 2282 αὐτοῦ.

139 2328 262 2409 ἔγραψε
284 2321 340 2388 καὶ
363 2307 465 2401 αὐτὸς
488 2325 535 2400 είς
557 2320 617 2389 τὸν
640 2318 745 2389 αὐτὸν
763 2319 899 2408 τρόπον.

227 2429 426 2498 00001111.
456 2424 707 2512 [Ἱππόλυτος.
737 2419 835 2508 οὗτος
855 2433 1000 2517 ἔγραψεν
1018 2429 1137 2512 εἰςτὰς
1152 2428 1285 2518 ὁράσεις

138 2540 201 2604 τοῦ
225 2533 356 2622 Δανιὴλ
380 2532 560 2622 ὑπόμνημα
583 2535 638 2603 καὶ
662 2539 709 2615 είς
731 2533 789 2615 τὰς
811 2543 990 2624 παροιμίας
1012 2543 1256 2626 Σολομῶντος]
1297 2556 1323 2598 2⁰
1350 2550 1367 2575 ²

226 2644 390 2712 0000111.
419 2638 554 2722 Ἵππυς
573 2639 726 2729 Ῥηγῖνος
755 2643 933 2732 ἱστορικός,
963 2645 1109 2731 γεγονῶς
1141 2646 1283 2715 ἐπὶτῶν

109 2753 330 2837 (Περσικῶν,
368 2744 406 2828 ὃς
437 2752 566 2835 πρῶτος
604 2754 727 2838 ἔγραψε
763 2749 822 2830 τάς
856 2751 1032 2832 Σικελικάς
1064 2753 1213 2841 πράξεις,
1245 2751 1285 2832 άς
1337 2758 1393 2800 Μ’

138 2854 280 2944 ὕστερον
303 2854 405 2943 Μύης
432 2851 614 2950 ἐπετέμετο·
642 2863 750 2925 κτίσιν
775 2855 929 2945 Ἰταλίας,
959 2864 1144 2928 Σικελικῶν
1170 2865 1283 2946 βιβλία

136 2962 178 3049 ε’,
201 2960 340 3050 χρονικὰ
363 2966 400 3032 ἐν
423 2968 567 3050 βιβλίοις
589 2964 630 3050 ε’,
650 2962 852 3052 ’Λργολικῶν
876 2966 921 3054 γ’.
1361 2970 1408 3021 ‘³‘
1423 2954 1432 2991 ²

139 3120 350 3128 -.ν-ὴ-

208 3213 336 3270 ccccm
355 3215 430 3270 Eud.
446 3233 473 3286 p.
489 3222 540 3270 401
596 3221 612 3269 3
631 3215 713 3289 Κῷος
731 3236 755 3272 κ.
776 3211 838 3274 αάτ,
854 3219 903 3275 τοῦ
924 3216 1025 3288 γένους
1039 3240 1061 3275 τ.
1079 3215 1169 3285 Ἀοιιλ,
1190 3216 1284 3289 ἰατρός

136 3295 185 3353 rel.
206 3312 258 3350 οιιι
280 3296 355 3351 Eud.
446 3291 646 3366 4Ἡραιιλείδα
662 3302 684 3348 V
703 3292 886 3364 Ἡρακλείδου
905 3300 954 3354 rel.
1037 3296 1188 3369 ὁίατρικά
1212 3300 1283 3354 coni.

137 3376 306 3446 Bernhardy

209 3454 609 3512 cccclv—ccccvlffluc.
625 3456 642 3511 l.
659 3475 683 3512 ο.
736 3459 906 3529 λπροτέρον
921 3459 997 3515 Καί.
1053 3455 1201 3528 8ίατρικά
1220 3479 1283 3513 τινα

137 3535 213 3591 Eud.
279 3544 295 3592 9
314 3532 329 3590 ὁ
345 3554 398 3592 οιιι.
415 3537 490 3593 Eud.
511 3534 572 3600 υίὸς
590 3555 640 3607 pro
660 3536 730 3609 ίατρ.
750 3544 772 3591 Δ
829 3545 861 3592 10
877 3537 1005 3607 ίάτρειισε
1020 3534 1160 3607 Ῥωξάνην
1176 3539 1283 3594 omissis

137 3613 194 3672 ιἰιιὸ
214 3648 247 3656 -
260 3612 436 3685 Ἀντιπάτρου
452 3617 526 3675 Eud.
537 3613 684 3689 Ῥωξάνην
703 3623 753 3671 Av
767 3615 901 3689 Ῥοξάνην
919 3622 991 3688 υνλμ.
1005 3619 1081 3675 Eud.
1141 3625 1171 3672 11
1188 3615 1235 3673 ἐπὶ
1251 3618 1281 3674 δὲ

138 3697 210 3752 coni.
224 3698 370 3765 Καοίιναε,
386 3697 460 3766 quod
475 3698 625 3754 absurdum
639 3717 700 3755 esse
715 3703 809 3755 censet
823 3700 983 3754 Gutschmt'd
1041 3706 1073 3754 13
1089 3695 1284 3769 Ἱπποκράτεις

136 3779 209 3847 moly.
229 3779 304 3833 Eud.
325 3774 508 3846 Ἱπποκράται
527 3783 642 3850 Am,
662 3781 736 3851 quod
754 3781 880 3851 reposuit
892 3780 1059 3851 Bernhardy
1078 3781 1143 3850 οολλ.Δ
1161 3781 1282 3848 Ιιοὶιεολι,

137 3857 229 3914 Parni.
243 3877 270 3928 p.
288 3863 337 3913 182
394 3865 427 3913 14
445 3860 565 3914 alterum
582 3862 633 3915 τοῦ
653 3879 707 3917 om.
722 3866 824 3913 Am
843 3862 893 3916 τοῦ
913 3856 1001 3916 αάτού
1016 3861 1117 3930 γένους
1131 3852 1189 3915 m.
1205 3861 1281 3917 Eud.

210 3936 363 3993 CCCCVlll
387 3939 514 3995 Accessit
536 3941 653 3997 fortasse
676 3961 709 3996 ex
732 3940 860 3997 uberiore
885 3940 944 3997 vita
967 3941 1100 4010 Sophron.
1120 3960 1142 3996 ο.
1163 3949 1210 4011 cl,
1234 3944 1283 3998 sed

138 4019 175 4072 ab
193 4017 334 4088 Hesychio
353 4020 446 4073 aliena
464 4024 513 4074 est.
533 4020 573 4075 Cf.
594 4021 664 4076 Mus.
684 4023 773 4078 Rhen.
793 4024 896 4078 XXXV
916 4042 941 4093 p.
963 4026 1023 4089 227,
1047 4025 1076 4076 et
1093 4021 1250 4091 Prolegom.
1270 4026 1282 4077 l

19 4104 30 4119 ⁹
137 4104 185 4165 §4
244 4105 279 4154 20
298 4100 479 4168 Σολομῶντος
499 4118 552 4155 om.
572 4102 664 4171 Soph„
683 4105 730 4159 sed
751 4105 852 4160 Suidae
870 4105 954 4159 lectio
973 4104 1154 4174 praeferenda
1172 4107 1283 4162 videtur

210 4177 338 4234 cccclx
357 4181 434 4236 Ειο.
453 4199 479 4250 p.
500 4188 560 4237 399.
598 4183 638 4238 cr.
658 4183 760 4239 Miner
778 4187 802 4239 11
821 4203 849 4255 p.
871 4191 903 4239 ιι
976 4191 1008 4238 ιι
1022 4179 1101 4249 “inve
1120 4191 1143 4239 Δ
1160 4189 1232 4256 ιιιη.

137 4265 172 4314 22
197 4254 228 4322 ὃς
250 4261 359 4328 πρῶτος
377 4261 452 4317 Eud.
519 4263 568 4316 καλ
586 4283 614 4317 π.
634 4264 713 4320 Suic.
733 4263 799 4319 libri
818 4266 927 4335 πρῶτος
946 4296 977 4304 -
1000 4261 1150 4337 ἐπετέμετο
1168 4270 1283 4336 propter

136 4340 286 4410 insequens
297 4343 452 4395 Σικελικῶν
467 4344 560 4414 βιβλία
575 4340 597 4397 ε’
607 4349 779 4414 suspectum
796 4349 943 4414 utrumque
959 4347 1121 4414 opusculum
1133 4346 1206 4400 idem
1222 4362 1282 4400 esse

137 4427 247 4479 constat
300 4430 334 4478 23
349 4424 388 4477 sie
407 4426 524 4478 fortasse
543 4425 627 4478 etiam
648 4421 759 4494 Μινύης
779 4427 853 4495 apud
873 4425 953 4494 Diog.
972 4425 998 4490 1,
1016 4431 1048 4480 27
1069 4425 1263 4495 corrigendum

136 4504 264 4558 Σικελῶν
274 4504 351 4561 Eud.
392 4509 427 4558 24
438 4498 599 4574 Ἀργολικῶν
609 4505 813 4576 praebeam,
829 4505 905 4574 quod
914 4504 1053 4575 praeferre
1063 4504 1282 4562 Gutsclimidium
