3036 5114
205 305 271 370 220
668 310 881 366 HESYOHIUS.

203 471 265 536 τοῦ
289 464 527 555 Ἀλεξανδρέως
555 471 763 557 φιλοσόφου,
791 473 846 540 καὶ
874 469 958 561 αὐτὴ
981 473 1167 560 φιλόσοφος
1190 477 1248 544 καὶ
1273 485 1362 547 πολ-

203 583 275 665 λοῖς
297 573 479 662 γνώριμος,
502 576 589 664 γυνὴ
610 576 784 668 Ἰσιδιόρον
807 585 868 649 τοῦ
891 582 1097 669 φιλοσόφου,
1122 580 1275 669 ἤκμασεν
1298 585 1359 654 ἐπὶ
1384 635 1443 681 Μ

202 685 261 767 τῆς
290 687 459 768 βασιλείας
488 684 673 771 Ἀρκαδίου.
725 692 869 774 ἔγραψεν
906 686 1085 777 ὑπόμνημα
1118 695 1165 771 είς
1197 690 1361 778 Διόφαν·

79 804 83 825 ¹
202 813 277 873 τον,
303 787 364 857 τόν
388 786 633 881 άστρονομικὸν
655 793 798 878 κανόνα,
830 799 877 875 είς
898 793 939 864 τά
969 795 1094 864 κωνικδι
1121 795 1359 868 Ἀπολλωνίου

175 892 390 985 σῦπόμνημα.
432 897 529 987 [αὕτη
549 901 737 988 διεσπάσθη
757 900 845 989 παρὰ
868 906 936 970 τῶν
957 901 1211 992 Ἀλεξανδρέων,
1234 905 1357 975 καὶτὸ

202 1008 296 1093 σῶμα
334 1004 434 1094 αὐτῆς
470 1009 674 1096 ένυβρισθέν
709 1009 788 1078 καθ’
828 1009 911 1097 ὅλην
947 1009 1009 1098 τὴν
1041 1011 1141 1079 πόλιν
1175 1010 1356 1101 διεσπάρη.

201 1116 300 1180 τοῦτο
320 1113 357 1182 δὲ
375 1115 526 1184 πέπονθε
547 1115 603 1184 διὰ
623 1116 759 1204 φθόνον
777 1118 832 1185 καί
850 1116 912 1204 τὴν
925 1115 1202 1207 ὑπερβάλλουσαν
1219 1126 1355 1206 σοφίαν

200 1222 255 1288 καὶ
288 1221 429 1309 μάλιστα
462 1229 510 1303 είς
540 1222 580 1291 τά
608 1225 683 1312 περὶ
709 1222 953 1312 ἀστρονομίαν,
985 1222 1030 1305 ὦς
1057 1228 1119 1313 μέν
1146 1251 1247 1314 τινες,
1280 1223 1354 1297 ὑπὸ

200 1335 389 1417 Κυρίλλου,
419 1329 462 1412 ὡς
490 1335 530 1402 δέ
555 1360 658 1418 τινες,
687 1332 742 1401 διά
774 1333 810 1401 τὸ
840 1339 990 1421 ἔμφυτον
1013 1337 1080 1402 τῶν
1100 1331 1353 1423 Ἀλεξανδρέων

161 1458 185 1498 1⁰
199 1437 329 1525 θράσος
355 1441 410 1507 καὶ
442 1445 632 1522 στασιῶδες.
678 1449 814 1520 πολλοῖς
844 1440 909 1530 γάρ
937 1442 991 1508 καὶ
1023 1445 1092 1509 τῶν
1124 1439 1195 1510 κατ’
1222 1440 1353 1524 αὐτοὺς

200 1545 390 1614 ἐπισκόπων
422 1553 521 1617 τοῦτο
556 1551 730 1635 ἐποίησαν·
762 1547 822 1616 τὸν
853 1547 1022 1635 Γεωργιον
1055 1547 1169 1616 σκόπει
1200 1549 1257 1617 καὶ
1287 1548 1353 1619 τόν

199 1655 412 1741 Προτέρων]

289 1762 441 1831 DCCGV.
463 1759 686 1850 Ὑπερέχιος
702 1760 935 1850 Ἀλεξανδρεὺς
953 1762 1187 1850 γραμματικός,
1207 1764 1352 1833 ἐπὶτῶν
1383 1832 1386 1837 .

199 1867 333 1954 χρόνων
360 1875 564 1959 Μαρκιανοῦ
589 1875 650 1939 τοῦ
678 1872 847 1958 βασιλέως.
898 1875 1021 1958 ἔγραφε
1047 1873 1168 1959 τέχνην
1195 1897 1350 1960 γραμμα-

161 1993 186 2036 1⁵
199 1976 311 2063 τικην,
335 1980 410 2066 περὶ
435 1976 627 2068 ὀνομάτων,
650 1981 725 2064 περὶ
750 1979 895 2066 ῥήματος
917 1979 972 2046 καὶ
996 1974 1237 2067 όρθογραφίας.

288 2086 489 2155 DCOCXVI.
529 2085 736 2176 Ὑπερίδης
763 2085 837 2167 υίὸς
864 2090 1080 2154 Γλαυκίππου
1111 2090 1173 2155 τοῦ
1203 2084 1351 2174 ῥήτορος

199 2194 248 2281 (οἱ
271 2192 309 2262 δέ
336 2195 588 2284 Πυθοκλέους),
613 2193 793 2280 Ἀθηναῖος
820 2193 945 2281 ῥητωρ,
973 2192 1208 2289 τῶνπριότων
1237 2219 1349 2281 κεκρι,

143 2294 155 2315 Ἰ
197 2300 309 2386 μένων
343 2303 422 2369 δέκα
454 2297 516 2386 εἷς,
548 2299 762 2388 μαθητεύσας
793 2299 861 2386 ἅμα
892 2300 1077 2392 Λυκούργῳ
1106 2283 1349 2394 Πλάτωνι-τρο
1375 2338 1412 2373 a

198 2406 375 2499 φιλοσόφῳ
403 2408 458 2474 καὶ
480 2406 658 2496 Ἰσοκράτει
686 2411 730 2500 τῷ
759 2407 883 2495 ῥήτορι.
928 2408 984 2474 καὶ
1011 2405 1115 2494 άπέβη
1144 2406 1206 2494 μέν
1234 2407 1347 2490 δεξιὸς

157 2532 184 2572 ²⁰
197 2515 322 2602 ῥητωρ,
354 2521 525 2602 γυναικῶν
559 2516 597 2585 δὲ
623 2515 761 2604 ἡττήθη.
811 2513 962 2604 άνηρίθη
994 2515 1031 2582 δὲ
1059 2516 1115 2582 καὶ
1143 2512 1249 2601 αὐτὸς,
1272 2512 1341 2584 ὑπό

194 2618 411 2710 Ἀντιπάτρου
437 2628 496 2693 τοῦ
515 2626 687 2712 βασιλέως,
707 2620 926 2708 ἐξαγαγόντος
940 2619 1045 2687 αὐτὸν
1059 2625 1121 2689 τοῦ
1136 2624 1173 2689 έν
1182 2619 1345 2711 Ἑρμιόνη

197 2735 282 2798 ναοῦ
312 2735 370 2818 τῆς
401 2734 579 2821 Δήμητρος
607 2728 652 2800 δι’
681 2730 813 2819 Ἀρχίου
839 2733 901 2797 τοῦ
929 2729 1166 2814 ἐπικληθέντος
1191 2734 1346 2815 Φυγαδο·

195 2955 321 3025 Erythrii
339 2956 398 3010 filia
415 2959 452 3025 (v.
472 2952 642 3029 Πανόλβιος)
661 2953 732 3008 vidit
749 2952 899 3007 Fabricius
991 2959 1003 3006 1
1024 2952 1119 3022 itaque
1138 2953 1170 3022 τῇ
1191 2949 1343 3024 φιλοσόφῳ

196 3038 291 3093 literas
304 3037 394 3092 mittit
409 3037 540 3106 Synesius
559 3054 602 3106 up.
620 3042 661 3103 15,
677 3042 709 3088 16
725 3035 760 3090 al.
828 3041 844 3088 3
864 3026 1030 3101 Διόφαντον
1044 3037 1091 3084 ΑΒ
1111 3028 1277 3101 Διοφάντην
1291 3033 1343 3087 ral.

196 3112 362 3185 Διοφάντου
380 3113 588 3187 Ἀστρονομικὸν
607 3113 724 3171 κανόνα.
758 3112 798 3178 είς
811 3110 845 3168 τά
861 3108 1005 3168 κανωνικά
1023 3107 1075 3166 lin.
1092 3113 1240 3180 Κιωίιινες
1259 3115 1346 3169 antea

197 3197 282 3253 etism
302 3197 528 3268 distinguebatur
549 3192 598 3252 ὑπ.
623 3195 663 3259 είς
686 3202 770 3263 Διοφ.
795 3193 844 3249 τόν
863 3188 1074 3263 άστρονομικόν.
1112 3190 1222 3247 κανόνα
1247 3191 1289 3256 εἰς
1306 3193 1344 3248 τὰ

195 3275 311 3335 κωνικά.
337 3273 390 3337 lla,
410 3273 511 3348 ὑπομ.;
531 3276 571 3342 είς
585 3280 650 3333 ante
665 3273 715 3332 τὸν
734 3271 811 3344 άστρ.
826 3275 926 3330 inserit
939 3275 1118 3343 Bernhardy,
1137 3269 1186 3327 τὸν
1203 3291 1236 3328 ex
1251 3276 1344 3328 antec.

196 3360 306 3430 syllaba
324 3362 417 3416 ortum
436 3360 490 3415 dal.
510 3359 671 3414 θνίιιλυιίιί
724 3364 742 3412 4
760 3352 897 3412 κανονικοὶ
913 3361 934 3408 Δ
990 3360 1005 3408 5
1025 3349 1096 3423 αὕτη
1117 3371 1173 3422 seq.
1198 3354 1233 3408 ab
1252 3353 1344 3423 Hesy-

196 3441 259 3497 chio
282 3441 376 3497 aliena
394 3445 471 3509 sunt3
496 3459 530 3496 ex
549 3440 672 3496 Socratis
691 3439 763 3496 llist.
783 3438 849 3493 eccl.
864 3436 927 3504 VH,
949 3442 981 3490 15
1000 3434 1110 3489 fluxisse
1130 3437 1244 3489 monent
1267 3434 1344 3498 Wol-

194 3524 260 3592 βαι,
283 3522 380 3593 Progr.
401 3524 540 3578 Czernova
559 3541 585 3592 p.
605 3527 639 3575 40
658 3524 763 3589 (1879),
787 3517 886 3584 Ιλααδ,
904 3516 939 3570 ds
959 3515 1034 3570 Suid.
1055 3534 1081 3585 p.
1096 3520 1156 3570 476.
1195 3514 1234 3568 (ΙΙ.
1254 3514 1343 3569 etiam

196 3602 285 3671 Diels,
305 3603 425 3673 Doxogr.
445 3622 471 3673 p.
488 3610 520 3657 12
542 3607 579 3672 (p.
595 3607 647 3656 254
666 3605 754 3658 συλλ
775 3603 804 3654 et
822 3599 884 3665 575)
954 3604 970 3651 6
989 3591 1062 3650 καθ’
1083 3589 1149 3664 ὅλης
1167 3595 1216 3663 της
1234 3592 1345 3658 πόλεως

196 3683 312 3753 Ηωμοίι.
387 3690 403 3738 8
422 3683 486 3752 περὶ
506 3679 693 3753 ἀστρονομίας
710 3681 827 3751 Ηωμαλ.
907 3683 939 3729 10
957 3680 1068 3738 πολλοῖς
1087 3707 1119 3715 —-
1140 3675 1204 3730 exit.
1223 3675 1259 3729 ab
1278 3674 1343 3745 ipso

197 3761 282 3816 Suidu
300 3763 397 3818 addita
417 3780 477 3818 esse
496 3762 553 3818 dixi
572 3764 641 3819 Mus.
657 3764 745 3817 Rhea.
765 3758 867 3814 XXXV
887 3776 914 3827 p.
930 3763 996 3820 223;
1016 3755 1150 3826 expunxit
1168 3755 1305 3812 Westems.

266 3842 388 3898 DCCXV
407 3843 540 3899 Eiusdem
555 3842 683 3898 meminit
701 3841 800 3896 Suidas
818 3859 843 3896 v.
863 3838 943 3893 Λέων
962 3841 1023 3911 βαι.
1043 3835 1156 3903 (Malch.
1176 3836 1240 3889 lat
1259 3851 1278 3888 a
1296 3852 1341 3907 ap.

196 3920 299 3977 Miiller
318 3924 355 3978 IV
374 3943 400 3994 p.
419 3928 480 3994 114)
555 3928 586 3977 15
606 3917 806 3991 όρθογραφίαν
825 3921 948 3991 praefert
965 3918 1132 3986 Bernhardy

267 4001 424 4059 DCCCXVI
444 4004 484 4059 cf.
503 4003 598 4072 Daub,
621 4002 699 4057 Stud.
719 4020 745 4071 p.
761 4007 794 4056 35
810 4018 867 4069 seq.
941 4005 973 4052 16
998 4000 1121 4052 erratum
1140 3996 1174 4051 de
1193 3998 1274 4065 patra
1292 4012 1342 4051 no·

196 4085 268 4141 tavit
286 4084 382 4151 Βίσεε,
401 4085 458 4140 litt.
479 4086 539 4139 Ber.
560 4085 611 4152 ΙΙΙ,
631 4090 646 4138 2
666 4085 722 4138 not.
738 4089 754 4136 3
816 4085 847 4135 18
871 4080 957 4134 verba
975 4077 1072 4133 sanavi
1091 4096 1124 4131 ex
1141 4075 1223 4147 Diog.
1239 4077 1291 4143 ΙΙΙ,
1306 4083 1342 4132 46

196 4169 226 4221 et
243 4165 324 4219 Phot.
342 4162 409 4218 bibl.
429 4183 456 4233 p.
474 4170 538 4232 495,
562 4165 657 4235 itaque
675 4164 752 4234 prius
771 4164 832 4227 καὶ,
856 4161 930 4230 quod
950 4158 1015 4214 anta
1035 4154 1166 4212 Πλάτωνι
1185 4157 1341 4227 legebatur,

196 4245 355 4316 transposui
373 4247 439 4316 post
455 4241 602 4316 φιλοσόφῳ
670 4251 701 4299 19
719 4240 868 4313 Ἰσοκράτει
887 4260 916 4295 τε
936 4257 1000 4310 pars
1014 4238 1076 4293 libr.
1092 4237 1153 4292 edd.
1167 4243 1233 4292 ants
1251 4238 1341 4292 Bern-

195 4328 354 4399 ίιανδγααι,
369 4326 418 4382 sed
436 4344 464 4380 τε
486 4319 770 4392 omniaomina
789 4328 880 4379 om.A
952 4327 986 4374 20
1005 4339 1029 4374 κ.
1050 4313 1112 4373 αότ.
1131 4336 1168 4373 sa.
1188 4321 1220 4372 ut
1239 4317 1341 4374 Demo·

196 4407 308 4463 sthenes
370 4412 403 4461 21
425 4405 464 4462 cf.
484 4405 584 4460 Suldas
604 4420 629 4458 v.
647 4398 723 4457 ’καθ’
739 4398 899 4476 Ἓρμίωνος.
930 4400 970 4456 Ol.
987 4399 1099 4455 Clinton
1113 4417 1139 4468 p.
1156 4404 1206 4452 175
1221 4398 1267 4455 Kr.

196 4495 230 4544 22
251 4486 445 4559 Φυγαδοθήρα
459 4491 567 4541 ΗΠ
586 4483 793 4556 φνγαδοθὴρας
811 4485 862 4541 rel.
900 4481 939 4537 Cf.
960 4480 1059 4536 Suidas
1078 4498 1102 4534 v.
1122 4473 1274 4548 ὑπερόριον
