3036 5114
197 313 260 377 152
658 310 871 365 HESYCHIUS.

193 474 287 550 κλέος
325 470 417 560 εὐρύ.
474 470 576 559 [παρὰ
605 476 726 540 τοῦτον
759 474 859 561 φοιτᾷ
892 470 1046 559 Πρόκλος
1075 469 1093 538 ό
1130 468 1253 551 Λύκιος
1286 473 1337 539 ἐπ’

194 583 466 666 Ἀριστοτελικοίς
484 577 604 667 λόγοις.
630 576 902 666 Ὀλυμπιοδώρου
919 578 955 646 δὲ
974 569 1195 665 ἀκροώμενος,
1214 576 1343 666 ἀνδρὸς

196 690 345 755 δυνατοῦ
374 687 483 773 λέγειν
511 687 566 754 καλ
591 685 646 754 διὰ
670 684 732 773 τὴν
754 687 828 773 περὶ
851 689 950 754 τοῦτο
975 684 1132 754 εὐκολίαν
1154 687 1209 754 καλ
1233 688 1343 773 ἐντρέ-

195 820 288 881 χειαν
317 790 444 881 ὀλίγοις
465 798 533 862 τών
557 792 754 863 ἀκουόντων
778 791 876 872 όντος
899 795 1049 880 ἐφικτοῦ·
1078 791 1212 880 ἠγάσθη
1236 793 1273 862 δὲ
1301 791 1341 861 τὸ

64 952 74 976 .
170 929 183 969 ι
197 899 389 990 μειράκιον,
427 899 508 971 ώστε
541 902 597 969 καλ
629 901 818 987 θυγάτριον
851 906 954 988 ἔχων,
992 901 1139 989 ῆγμίνον
1170 901 1225 969 καλ
1258 897 1342 969 αὐτὸ

198 1007 409 1096 φιλοσόφως,
433 1012 645 1095 βουληθῆναι
665 1006 754 1100 αὐτῷ
777 1012 1021 1096 κατεγγυῆσαι.]

284 1118 443 1184 DLXXX.
486 1114 707 1202 Ὀλυμπος
745 1123 900 1196 Μαίονος
934 1114 1070 1202 Μυσός,
1107 1115 1249 1203 αόλητῆς
1285 1116 1342 1183 καλ

196 1221 334 1311 ποιητῆς
356 1227 466 1311 μελῶν
489 1225 544 1292 καλ
568 1226 732 1310 ἐλεγείων,
757 1222 889 1312 ῆγεμών
917 1251 952 1293 τε
970 1224 1151 1312 γενόμενος
1168 1228 1225 1311 τῆς
1243 1250 1343 1311 κρου-

197 1334 336 1418 ματικῆς
359 1334 520 1418 μουσικῆς
541 1335 599 1417 τῆς
623 1330 678 1398 διὰ
698 1335 766 1408 τῶν
785 1328 910 1415 αὐλών,
932 1329 1086 1418 μαθητὴς
1103 1333 1158 1399 καὶ
1177 1330 1344 1417 ἐρώμενος

158 1466 184 1504 ιο
197 1435 377 1525 Μαρσύου,
399 1436 437 1507 τό
461 1440 558 1527 γένος
581 1436 677 1518 όντος
700 1436 870 1523 Σατύρου,
893 1436 1062 1506 όκουστοῦ
1086 1438 1123 1507 δὲ
1145 1440 1198 1506 καλ
1222 1434 1345 1518 παιδὸς

194 1544 368 1631 Ῥόγνιδος.
407 1547 524 1632 γέγονε
549 1546 585 1614 δὲ
608 1545 673 1634 πρὸ
696 1551 764 1614 τών
796 1549 955 1632 Τρωικῶν
982 1543 1015 1630 [ὁ
1029 1545 1211 1632 Ὄλυμπος,
1240 1546 1272 1625 ἐξ
1302 1536 1345 1612 οὗ
1370 1548 1435 1597 ³⁹2²&

198 1648 235 1718 τό
261 1649 340 1740 όρος
362 1651 399 1720 τὸ
424 1654 461 1721 ἐν
486 1658 604 1743 Μυσίᾳ
628 1651 844 1740 ὀνομάζεται]

287 1761 463 1827 DLXXXI.
487 1758 681 1846 Ὄλυμπος
709 1757 817 1847 Φρύξ,
840 1757 1011 1847 νεώτερος,
1035 1756 1179 1847 αόλητῆς
1197 1757 1346 1846 γεγονώς
1464 1772 1467 1782 “

200 1866 252 1934 ἐπὶ
276 1868 393 1934 Μίδου
410 1870 471 1935 τοῦ
494 1870 652 1956 Γορδίου.
1043 1946 1050 1963 ,Ι
1365 1879 1433 1922 Μ

162 2001 189 2041 ιι
293 1975 481 2041 DLXXXII.
509 1972 675 2062 ’Όμηρος
699 1972 716 2043 ὁ
739 1972 878 2061 ποιητῆς
897 1976 1050 2062 Μέλητος
1067 1978 1128 2043 τοῦ
1148 1977 1184 2043 ἐν
1202 1976 1344 2063 Σμύρνη

198 2086 349 2169 ποταμοῦ
372 2083 427 2149 καλ
451 2086 641 2168 Κριθηίδος
664 2080 861 2169 <νόμφης>,
885 2079 929 2161 ώς
953 2081 989 2150 δὲ
1007 2080 1114 2168 ἄλλοι,
1138 2081 1347 2162 ’Λπόλλωνος

199 2187 255 2255 καλ
278 2188 471 2276 Καλλιόπης
493 2193 552 2275 τῆς
574 2187 712 2276 μούσης,
736 2185 781 2268 ώς
804 2187 840 2255 δὲ
860 2186 973 2272 Χάραξ
997 2185 1015 2256 ὁ
1035 2189 1211 2277 ίστορικός,
1236 2194 1346 2257 Μαίο-

199 2322 259 2375 νος
283 2289 303 2381 ῆ
328 2302 464 2382 Μητιόυ
486 2296 540 2363 καλ
567 2293 756 2382 Εὐμήτιδος
779 2293 920 2387 μητρός,
935 2293 1017 2362 κατὰ
1041 2295 1077 2364 δὲ
1100 2294 1222 2375 όίλλους
1246 2303 1346 2382 Τηλε-

200 2400 311 2489 μάχου
338 2404 398 2468 τοιῖ
422 2398 604 2481 Ὀδυσσέως
631 2402 686 2468 καί
710 2382 929 2488 Πολυκάστης
955 2407 1014 2489 τῆς
1036 2405 1216 2491 Νέστορος.
1262 2408 1347 2488 [ἔστι

161 2506 238 2578 ιοδδ
270 2504 291 2593 ῆ
326 2510 386 2575 τοί
417 2509 538 2593 γένους
568 2508 659 2589 τόξις
690 2509 772 2576 κατὰ
798 2505 858 2575 τὸν
886 2507 1057 2596 ίστορικδν
1084 2509 1221 2597 Χοίρακα
1247 2507 1347 2596 αὕτη·

201 2612 378 2702 Λίθοόσης
399 2614 554 2704 Θρᾴσσης
578 2620 696 2700 Λίνος,
724 2618 785 2683 τοῦ
813 2613 851 2683 δὲ
874 2621 1011 2702 Πίερος,
1039 2619 1100 2683 τοῦ
1129 2614 1167 2683 δὲ
1190 2623 1347 2703 Οἴαγρος,

201 2727 262 2791 τοῦ
287 2722 325 2791 δὲ
344 2721 493 2811 Ὀρφεύς,
516 2728 576 2791 τοῦ
601 2723 638 2791 δὲ
658 2727 762 2809 Δρῆς,
783 2726 844 2791 τοῦ
868 2721 904 2790 δὲ
924 2720 1081 2807 Εόκλίης,
1103 2726 1166 2789 τοῦ
1189 2721 1226 2790 δὲ
1241 2721 1347 2809 Ἰδμο-

201 2835 309 2917 νίδης,
331 2835 392 2899 τοῦ
417 2831 453 2898 δὲ
481 2832 696 2916 Φιλοτίρπης,
719 2834 779 2897 τοῦ
804 2829 840 2896 δὲ
860 2817 1031 2915 Εόφῆμος,
1053 2831 1115 2895 τοῦ
1138 2826 1169 2895 δ’
1188 2825 1347 2917 Ἐπιφρώ-

203 2942 274 3024 δης,
295 2941 357 3005 τοῦ
382 2937 418 3005 δὲ
439 2936 660 3021 Μελάνωπος,
682 2939 743 3002 τοῦ
767 2933 804 3002 δὲ
821 2933 986 3021 Ἀπελλῆς,
1009 2939 1070 3002 τοῦ
1092 2935 1129 3003 δὲ
1150 2941 1286 3022 Μαίων,
1310 2932 1350 3015 δς

77 3044 80 3051 ’
163 3075 188 3114 ιι
203 3035 310 3129 ῆλδεν
337 3039 404 3128 ἅμα
432 3055 504 3120 ταῖς
528 3041 703 3129 Ἀμαζόσιν
732 3043 768 3108 ἐν
795 3040 953 3129 Σμύρνη,
981 3042 1036 3108 καὶ
1063 3041 1170 3128 γῆμας
1197 3040 1348 3129 Εὔμητιν

201 3147 264 3236 τῆν
292 3146 444 3228 Εὐίπους
477 3152 537 3216 τοῦ
566 3148 818 3233 Μελησιγίυους
844 3150 999 3234 ἐποίησεν
1019 3147 1175 3236 Ὅμηρον.
1225 3147 1349 3236 ὁμοίως

203 3255 241 3326 δὲ
272 3256 328 3324 καλ
360 3253 422 3343 τῆν
454 3259 596 3343 πατρίδα
629 3252 817 3343 ἀμφίβολος
850 3254 905 3322 διὰ
936 3254 975 3325 τὸ
1005 3254 1232 3343 ἆπιστηδῆναι
1261 3253 1349 3336 ὅλως

276 3425 289 3473 1
309 3416 390 3481 κλέος
407 3413 484 3488 εὐρύ,
503 3435 564 3473 cum
580 3416 668 3487 μέγας
682 3411 837 3486 φιλόσοφος
849 3415 998 3485 byzantino
1012 3433 1081 3472 aevo
1095 3416 1269 3488 appellatum
1287 3433 1349 3471 eme

203 3500 325 3565 οοοειολς
347 3495 423 3567 παρὰ
445 3499 546 3553 τοῦτον
570 3514 627 3565 seq.
651 3495 765 3551 Suidam
790 3513 823 3568 px
846 3494 947 3550 Marini
970 3497 1030 3551 vita
1047 3497 1138 3552 Procli
1162 3511 1185 3552 α
1205 3504 1221 3552 9
1246 3497 1349 3553 descri-

204 3579 291 3648 psisse
311 3578 425 3649 exposui
445 3580 513 3633 Mus.
532 3578 620 3632 Rhen.
640 3576 743 3632 XXXV
762 3594 787 3645 p.
805 3581 855 3631 192
927 3573 1090 3645 Πάτροκλος
1107 3583 1130 3630 Δ

275 3658 400 3712 DLXXX
428 3661 593 3721 6Μαίονος
610 3676 682 3712 unus
701 3656 764 3713 add.
784 3661 807 3708 Δ
892 3655 975 3710 9ιιαλ
994 3658 1043 3725 τῆς
1061 3655 1109 3712 διὰ
1125 3660 1261 3714 Καιλιτιιε

206 3743 236 3789 11
256 3734 409 3806 Οίοὶγνιδος
418 3742 519 3791 Am
531 3733 678 3806 Ὑάγνιδος
688 3739 761 3806 ναῖς.
798 3733 830 3790 δὲ
841 3741 932 3804 omv,
945 3753 1000 3804 seq.
1011 3736 1101 3792 delevi
1112 3739 1175 3794 coll.
1186 3758 1211 3794 v.
1221 3736 1351 3808 Λυγκεύς

277 3825 418 3879 DLXXXI
437 3842 490 3881 om.
505 3825 642 3880 Woeterm.
671 3826 766 3881 Vitam
781 3823 1004 3879 commenticiam
1023 3823 1185 3893 Bernhardy
1204 3823 1273 3880 dicit

278 3903 428 3959 DLXXXII
447 3904 488 3960 cf.
498 3906 637 3973 Welcker‚
652 3904 702 3974 Ep.
718 3904 792 3974 chl.
808 3923 835 3974 p.
851 3909 911 3970 147,
926 3904 1032 3969 Rome,
1047 3903 1116 3957 Mus.
1132 3904 1219 3959 Rhen.
1232 3904 1350 3960 XXXVI

206 4005 232 4056 p.
247 3990 307 4040 386.
341 3984 382 4039 De
400 3988 463 4041 tota
481 3986 552 4055 vim,
572 3986 649 4041 cuius
668 3984 789 4040 maxima
803 4001 867 4054 pars
880 3985 1036 4054 Porphyrio
1055 3983 1185 4052 debetur,
1205 3984 1263 4038 dixi
1276 3983 1349 4040 Mus.

206 4066 293 4121 Rhen.
314 4065 417 4119 XXXV
436 4085 463 4136 p.
481 4072 538 4122 198.
576 4065 667 4121 Multa
688 4066 821 4120 videlieet
838 4069 936 4134 postea
958 4083 992 4119 ex
1012 4065 1154 4119 Athenaeo
1175 4067 1204 4120 et
1225 4066 1350 4119 Pseudo-

207 4146 358 4203 herodotea
375 4146 435 4200 vita
452 4147 599 4217 desumpta
664 4153 695 4200 16
715 4144 827 4214 νύμφης
846 4143 942 4198 addidi
956 4150 1024 4198 exv
1090 4151 1120 4198 17
1141 4144 1175 4201 ci.
1195 4145 1296 4199 Miller
1311 4145 1351 4200 111

207 4248 233 4300 p.
253 4235 303 4284 641
323 4230 459 4289 Μαίονος
470 4231 519 4278 Av
539 4223 680 4294 Μάρωνος
701 4227 773 4296 vulp.
798 4221 932 4292 Μόρονος
952 4230 972 4276 B
996 4226 1099 4278 Μιτίου
1118 4229 1166 4277 VB
1190 4226 1261 4294 νκίρ.
1286 4229 1351 4280 Μυ·

207 4313 268 4366 τίου
286 4315 307 4363 B
387 4315 422 4365 22
439 4303 594 4377 Ἰδμονίδης
613 4324 646 4361 ex
665 4306 727 4361 Par.
748 4306 898 4370 Καοίακι,
914 4298 1070 4375 Ἰαμονίδης
1089 4307 1173 4358 antea
1190 4304 1350 4374 legebatur;

208 4396 242 4449 de
261 4411 352 4450 errore
371 4391 516 4447 literarum
535 4386 686 4443 uncialium
706 4387 740 4442 cf.
755 4405 780 4440 v.
797 4381 947 4457 Εὐσέβιος,
966 4379 1134 4446 Μουσώνιος
1188 4389 1222 4438 26
1240 4388 1349 4454 Μνησι-

209 4475 309 4544 γίνους
328 4474 406 4543 libri,
426 4490 495 4528 οοιϊ.
513 4468 679 4539 Bernhardy
