3036 5114
645 325 860 381 HESYCHIUS.
1261 323 1322 387 197

178 488 328 577 χρόνοις,
352 485 390 569 δς
413 487 578 575 ἐπεκλήθη
602 488 808 575 Μελικέρτης
831 485 886 554 διίι
909 484 947 556 τὸ
971 483 1045 575 ήδύ.
1082 486 1137 554 καί
1159 484 1222 572 τήν
1242 513 1322 572 μιή-
1356 534 1358 539 ,
1430 524 1432 531 ·
1472 522 1475 527 ,

179 594 323 684 μονικήν
351 596 388 664 δὲ
411 597 530 683 τέχνην
553 586 651 683 εὗρεν
682 585 787 674 οὗτος.
833 597 1031 681 προσεξεῦρε
1059 593 1096 661 δὲ
1124 591 1240 660 καὶτὰ
1264 620 1322 679 μα-
1348 596 1351 601 ’

179 704 241 794 κρδι
278 708 346 774 τῶν
385 709 557 791 στοιχείων
594 703 649 771 καὶ
685 705 800 787 διπλᾶ,
836 702 891 769 καὶ
924 704 963 791 τῇ
996 699 1083 790 λύρᾳ
1114 700 1175 769 τὸν
1210 705 1323 787 τρίτον
1359 757 1360 760 .

180 812 346 900 φθόγγον.
391 813 507 899 γέγονε
537 809 568 878 δ’
600 810 652 879 ἐπὶ
675 813 734 896 τής
756 808 810 888 νς’
835 806 1112 896 ὀλυμπιάδος(οί
1134 807 1170 875 δέ
1195 808 1247 875 ἐπὶ
1265 811 1324 894 τῆς

179 919 230 1005 ξβ’
254 918 470 1008 γεγράφασι),
495 920 550 987 καὶ
574 919 743 1007 παρέτεινε
767 918 860 1004 μέχρι
884 921 942 1004 τής
965 916 1031 1002 οη’,
1054 914 1149 1002 βιοὺς
1172 921 1227 1001 ἐτη
1251 914 1350 984 πθ’.ι
1449 926 1473 968 (ι
1491 928 1515 961 ¹··

178 1029 233 1096 καὶ
260 1029 439 1116 γέγραπται
467 1023 556 1116 αύτῷ
581 1028 711 1112 Δωρίδι
736 1026 895 1116 διαλέκτῳ
920 1021 940 1111 ή
966 1021 1152 1110 Καμβύσου
1174 1024 1229 1090 καὶ
1254 1033 1323 1090 Λα-

179 1141 272 1222 ρείου
298 1139 464 1221 βασιλεία,
492 1133 547 1202 καὶ
574 1135 700 1219 Ξέρξου
728 1137 897 1220 ναυμαχία
923 1132 979 1199 καὶ
1008 1128 1028 1218 ή
1058 1128 1108 1199 ἐπ’
1131 1127 1322 1221 Ἀρτεμισίῳ

179 1248 346 1329 ναυμαχία
376 1245 528 1329 μελικοῖς,
552 1237 573 1327 ή
599 1235 629 1306 δ’
660 1242 697 1307 ἐν
721 1245 890 1326 Σαλαμῖνι
918 1236 963 1305 δι’
995 1239 1153 1324 ἐλεγείας,
1185 1239 1322 1325 θρήνοι,

67 1418 72 1427 ,
179 1349 337 1437 ἐγκώμια,
360 1347 603 1436 ἐπιγράμματα,
626 1350 763 1425 παιᾶνες
787 1346 856 1430 [καί
878 1350 1074 1436 τραγῳδίαι]
1098 1345 1152 1413 καὶ
1176 1343 1267 1412 άλλα.
1450 1341 1472 1385 ‘⁴'
1487 1342 1496 1369 ”

82 1498 150 1547 ονε
267 1475 502 1541 DCOXXXIII.
525 1474 753 1559 Σιμωνίδης
768 1477 879 1555 Κεῖος,
892 1473 1121 1558 θυγατριδοῦς
1134 1467 1216 1536 κατά
1226 1495 1320 1548 τινας
1336 1493 1362 1530 ιο

175 1586 237 1650 τοῦ
258 1584 432 1669 προτέρου,
457 1577 494 1660 δς
517 1578 684 1667 ἐπεκλήθη
703 1580 917 1666 Μελικέρτης.
956 1579 1080 1664 γέγονε
1105 1576 1142 1644 δέ
1164 1574 1228 1662 πρὸ
1254 1579 1322 1644 τῶν
1356 1608 1361 1631 ·-

177 1691 503 1777 Πελοποννησιακῶν
535 1689 590 1756 καὶ
617 1689 763 1775 γέγραφε
798 1691 1015 1774 γενεαλογίαν
1044 1688 1080 1754 ἐν
1110 1689 1254 1771 βιβλίοις
1275 1681 1320 1771 γ’,

179 1794 347 1884 εὑρήματα
371 1799 407 1864 ἐν
430 1800 575 1882 βιβλίοις
597 1792 640 1881 γ’.

142 1992 146 2002 ,
263 1922 497 1990 DCOXXXIV.
525 1921 755 2006 Σιμωνίδης
792 1916 936 2003 Μάγνης
960 1915 1023 1986 άπὸ
1048 1917 1218 2004 Σιπύλου,
1247 1919 1320 1986 έπο-
1359 1964 1365 1971 ·

84 2058 142 2101 σοι
176 2029 287 2115 ποιός,
318 2031 457 2115 γέγονεν
491 2028 544 2096 ἐπὶ
574 2023 745 2112 Ἀντιόχου
777 2028 837 2094 τοῦ
870 2025 1018 2113 μεγάλου
1048 2029 1231 2113 κληθέντος
1264 2025 1319 2092 καὶ
1335 2047 1360 2086 ιι

176 2137 319 2223 γέγραφε
334 2133 391 2216 τὰς
407 2133 579 2222 Ἀντιόχου
598 2136 672 2218 [τοῦ
691 2132 850 2220 μεγάλου]
865 2133 998 2221 πράξεις
1011 2135 1067 2202 καὶ
1081 2132 1143 2222 τήν
1158 2132 1240 2223 πρὸς
1255 2139 1319 2201 Γα-

176 2242 275 2323 λάτας
306 2241 429 2330 μάχην,
462 2240 516 2310 ὅτε
548 2237 627 2328 μετὰ
658 2244 726 2308 τῶν
755 2239 947 2328 ἐλεφάντων
980 2240 1042 2330 τήν
1074 2245 1177 2310 ἵππον
1209 2234 1321 2317 αὐτῶν

177 2355 344 2438 ἔφθειρεν.
1318 2348 1323 2356 ’

178 2480 391 2490 -υι--ι--μ-

249 2555 260 2602 1
283 2547 330 2603 διά
348 2553 379 2602 τό
396 2544 492 2616 -ἐτη
506 2542 562 2600 πθ’
578 2562 631 2599 om.
647 2545 722 2600 Eud.
777 2543 845 2600 nol
862 2545 968 2602 delevit
981 2548 1066 2604 Daui
1122 2548 1255 2618 λγέγονε
1275 2549 1322 2603 hic

176 2629 332 2700 significare
346 2629 446 2696 „nolus
459 2627 519 2681 εελιι
535 2622 632 2679 docuit
640 2624 743 2693 nocue,
752 2624 823 2682 Mus.
834 2627 922 2681 Rhen.
933 2625 1049 2681 XXXIII
1060 2646 1086 2698 p.
1095 2634 1144 2682 187
1156 2629 1218 2683 coll.
1229 2626 1262 2681 fr.
1270 2634 1320 2683 147

176 2710 287 2780 Bergk,
306 2709 355 2779 qui
374 2711 403 2764 cl
416 2704 456 2763 ὄλ.
476 2703 522 2779 ξβ’
538 2706 574 2762 sd
593 2700 688 2775 άκμήν
706 2709 807 2774 pocius
822 2708 950 2777 spectare
969 2707 1040 2762 vidit
1093 2716 1109 2763 6
1128 2703 1146 2778 ἡ
1166 2704 1320 2778 Καμβύσου

176 2822 208 2831 -
231 2792 356 2864 βασιλεία
375 2790 404 2844 in
423 2787 609 2858 suspicionem
629 2789 801 2842 vocaverunt
817 2787 984 2858 Bernhardy
1002 2791 1032 2844 ob
1050 2789 1152 2858 Βιιςίι,
1170 2788 1247 2842 Poel.
1268 2788 1319 2858 lyr.

174 2889 202 2941 p.
224 2876 304 2939 1145,
336 2870 403 2925 olim
426 2869 461 2924 do
489 2869 583 2923 aetolo
611 2868 716 2922 dictum
743 2866 829 2922 fuisse
858 2867 926 2937 ruti,
955 2885 1010 2936 qua
1033 2868 1134 2925 vixerit
1156 2868 1319 2937 θίωουίδοε,

176 2952 238 3006 coll.
257 2950 307 3005 vil.
321 2948 437 3005 Pindari
451 2946 476 3018 p'.
492 2954 526 3003 98
542 2947 697 3015 Ἦεελοιυι,
717 2947 817 3017 quibus
835 2949 999 3005 adversatus
1018 2952 1062 3006 esi
1075 2950 1174 3015 Doub,
1193 2949 1227 3003 de
1242 2949 1318 3004 Snid.

174 3050 201 3103 p.
216 3037 281 3096 427;
301 3025 319 3101 ή
335 3025 489 3099 Καμβύσου
504 3029 552 3082 καλ
567 3028 692 3098 Δαρείου
709 3030 836 3097 βασιλεία
854 3029 904 3084 καί
922 3028 1034 3101 Ξέρξου
1048 3031 1102 3100 (ils
1114 3033 1146 3084 ub
1163 3048 1219 3085 non
1233 3030 1319 3085 libro·

175 3129 235 3166 rum
255 3104 331 3165 ciluli
350 3110 548 3181 significentur,
568 3110 617 3164 scd
636 3109 748 3164 omnino
767 3109 868 3178 quibus
887 3110 921 3166 de
936 3112 1018 3167 rebus
1033 3110 1203 3167 carminibus
1219 3111 1318 3181 cgcnil)

176 3186 215 3245 δι’
238 3189 374 3260 ἐλεγείας,
393 3186 411 3259 ή
431 3184 459 3243 δ’
481 3184 512 3243 ἐκ
527 3192 667 3261 Σαλαμῖνι
682 3191 825 3263 ναυμαχία
840 3193 957 3261 μελικοῖς
971 3195 1036 3263 (om.
1052 3192 1246 3248 additamento
1260 3193 1319 3247 vul-

175 3272 259 3342 guluc
279 3274 307 3327 et
325 3270 478 3338 Endocioc)
497 3270 565 3325 scite
585 3270 655 3327 coni.
672 3271 831 3327 Gutsolsmid
899 3280 913 3328 7
933 3273 1027 3328 Verba
1040 3275 1126 3345 vulgo
1145 3273 1185 3327 sic
1205 3291 1238 3328 cx
1257 3274 1318 3326 Eu·

174 3353 255 3407 docio
273 3351 415 3420 supplent,
434 3351 498 3404 coll.
517 3350 601 3405 schol.
617 3352 677 3414 Ar.;
697 3351 797 3407 Snidos
815 3353 890 3407 cuim
914 3354 963 3408 καί
982 3353 1089 3424 Ξέρξου
1108 3354 1252 3423 ναυμαχία
1276 3348 1327 3407 δι’·

176 3426 348 3501 ἐλεγείας,ή
373 3425 401 3484 δ’
423 3425 454 3484 ἐν
473 3432 616 3501 Σαλαμῖνι
633 3432 764 3501 μελικῶςι
793 3431 826 3488 cf.
852 3434 957 3504 Bergk,
977 3435 1053 3489 Pocl.
1073 3436 1125 3504 lyr.
1145 3434 1162 3489 l.
1183 3452 1205 3488 c.

175 3518 191 3566 8
210 3512 328 3582 μελικῶς
345 3512 375 3565 ci
397 3505 437 3565 δι’
458 3505 583 3581 ἐλεγείας
601 3511 708 3566 mutavi
726 3516 835 3567 secutus
853 3513 1017 3583 Βαιηλίιιιιι,
1041 3512 1151 3584 Ξέρξου
1174 3514 1317 3585 ναυμαχία

175 3588 191 3663 ἡ
212 3588 259 3647 ἐπ’
278 3588 341 3660 Ἀρι.
355 3592 522 3664 Bernhardy
536 3591 645 3662 Ξέρξου
664 3594 833 3664 ναομαχίαι,
852 3589 869 3663 ἡ
891 3589 939 3649 ἐπ’
958 3591 1022 3665 Ἀρι.
1042 3613 1099 3666 seq.
1120 3593 1189 3650 coni.
1206 3595 1317 3650 ll'ochs-

174 3674 250 3727 οιαίλ
317 3679 333 3727 9
352 3670 401 3726 καί
420 3675 573 3745 τραγῳδίαι
591 3673 651 3728 iure
670 3673 699 3727 iu
717 3674 901 3744 suspicionem
922 3675 1035 3731 vocavit
1053 3676 1231 3749 Bernhardy,
1253 3695 1317 3745 τρα-
1339 3708 1345 3761 ρ

86 3757 88 3761 ’
174 3755 264 3827 γῳδία
282 3758 318 3820 Δ,
337 3753 411 3822 quod
430 3753 538 3823 placuit
557 3753 731 3820 Hermanno,
750 3755 785 3810 dc
803 3757 875 3826 trag.
893 3756 945 3827 lyr.
965 3775 992 3826 p.
1008 3762 1024 3810 6

245 3840 432 3897 DCCXXXIII
455 3842 530 3898 Ειιιλ
550 3862 577 3912 p.
593 3849 658 3912 644,
682 3860 753 3912 qusc
777 3861 831 3902 om.
856 3846 940 3903 verbu
961 3849 1092 3918 suspecto
1114 3842 1259 3918 εὑρήματα
1284 3879 1314 3889 -

174 3922 240 3977 cxii.
274 3922 314 3976 ef.
334 3923 435 3977 Milllcr
453 3922 479 3975 II
496 3940 524 3993 p.
540 3928 588 3991 423
606 3923 701 3991 Danb,
720 3925 798 3982 stud.
817 3945 843 3997 p.
862 3933 893 3982 17
909 3944 967 3997 scq.

246 4009 431 4066 cccxxxiv
452 4011 751 4086 cf.Mu11e1111p.71
809 4023 841 4070 ιι
861 4010 918 4071 ἀπὸ
934 4016 996 4070 add.
1013 4017 1146 4084 Μιιιιιιι,
1160 4017 1211 4073 An.
1227 4036 1253 4088 p.
1265 4024 1315 4074 401

176 4096 208 4146 15
231 4089 374 4161 γέγραφεν
397 4096 420 4143 Δ
479 4090 633 4162 κληθέντος
656 4127 689 4135 -
713 4092 835 4168 μεγάλου
860 4113 913 4152 om.
933 4101 956 4148 Δ
1034 4103 1066 4152 16
1090 4098 1224 4168 Σωτῆρος
1247 4116 1316 4154 corr.

175 4172 308 4240 Μείκιίιι,
328 4171 417 4241 Enph.
433 4190 460 4240 p.
473 4177 513 4240 16,
528 4175 626 4243 postea
639 4177 786 4247 proposuit
800 4176 850 4232 τοῦ
864 4171 974 4245 τούτου
989 4175 1153 4248 κληθέντος,
1167 4181 1316 4249 postquam

174 4269 231 4306 rcm
246 4250 357 4322 operuit
372 4251 470 4319 Caper,
485 4249 596 4308 Observ.
614 4260 639 4321 4,
655 4263 686 4311 11
729 4260 779 4312 τοῦ
795 4254 918 4328 μεγάλου
932 4258 1012 4327 libri,
1027 4254 1116 4315 αύτοῦ
1128 4259 1204 4314 Eud.
1219 4275 1272 4313 om.
1283 4263 1314 4326 V,

115 4397 121 4409 .
172 4332 267 4402 iboquc
287 4331 420 4402 expunxi;
440 4331 511 4387 forto
526 4350 587 4388 oum
602 4340 625 4390 Δ
643 4336 698 4407 leg.
714 4340 743 4393 el
756 4333 803 4393 ἐπὶ
817 4354 927 4408 quoquc
944 4339 998 4394 dcl.
1052 4334 1125 4394 κατὰ
1143 4338 1214 4393 coni.
1228 4338 1315 4394 Bern-

172 4414 262 4484 λανιίγ
280 4413 329 4466 καί
347 4411 413 4466 libri
469 4417 501 4466 17
521 4411 610 4470 αύτοῦ
628 4419 700 4490 vulp.
720 4413 899 4477 civriv'corr.
915 4419 977 4475 edd.
1033 4424 1066 4477 18
1086 4417 1228 4492 ἔφθειραν
1242 4421 1315 4492 cuiq,

173 4491 292 4563 ἔφθειρε
312 4495 415 4545 Am
434 4493 521 4561 (mun.
535 4495 559 4564 I)
