3036 5114
230 337 293 401 124
690 339 903 395 HESYCHIUS.

226 525 296 584 νες,
310 497 451 586 Ἥρωες,
470 507 592 587 (θηρία,
613 500 738 588 Λάμια,
759 503 922 586 Πεδήται,
941 498 1098 590 Σάμιοι.Ι
1118 503 1240 589 ἔγραψε
1260 500 1297 569 δέ
1315 502 1372 570 καί

226 605 458 693 καταλογάδην
480 607 564 676 τινά.
584 607 591 699 Ι

316 714 538 782 OGOOLXIII.
566 713 721 803 Κράτης
738 713 927 800 Ἀθηναῖος,
950 712 1094 802 κωμικὸς
1116 715 1171 781 καὶ
1191 713 1291 795 αὐτός
1313 719 1372 802 τῆς

226 818 365 913 ἀρχαίας
390 826 581 914 κωμωδίας,
628 824 762 912 φέρεται
786 821 889 891 αὐτοῦ
923 822 1074 911 δράματα
1096 822 1146 908 γ’·
1186 806 1373 911 (θησαυρός,

200 926 389 1017 ε’Όρνιθες,
416 929 636 1018 Φιλάργυρος.
743 970 749 980 ·

314 1039 537 1107 COCOLXIV.
582 1037 740 1127 Κράτης
769 1036 961 1106 Ἀσκώνδου
991 1044 1152 1124 Θηβαῖος,
1183 1038 1371 1126 φιλόσοφος

224 1144 373 1233 κυνικός,
396 1144 549 1233 μαθητὴς
572 1150 759 1233 Διογένους
782 1148 837 1214 καὶ
861 1146 1045 1233 Βρύσωνος
1066 1149 1126 1213 τοῦ
1147 1143 1295 1233 Ἀχαιοῦ,
1319 1143 1371 1229 [ὃς
1391 1172 1454 1220 uuo..

226 1254 441 1339 ἐξαργυρίσας
463 1251 524 1340 τήν
549 1250 668 1321 οὐσίαν
688 1254 810 1322 δέδωκε
830 1252 869 1327 τδι
888 1251 1032 1341 άργόρια
1050 1259 1235 1342 τραπεζίτῃ,
1253 1252 1371 1336 εἰπάν,

225 1362 256 1424 εί
283 1361 317 1425 οί
342 1362 457 1438 παῖδες
485 1357 573 1450 αὐτῷ
602 1360 889 1448 φιλοσοφήσουσι,
916 1365 962 1453 τῷ
992 1360 1085 1453 δήμῳ
1115 1365 1252 1441 δοῦναι,
1280 1365 1311 1427 εί
1333 1359 1370 1427 δὲ

187 1491 213 1529 ιο
226 1464 287 1551 μή,
310 1479 380 1544 τοῖς
398 1472 522 1535 παισίν.
554 1466 661 1554 γήμας
680 1468 716 1535 δέ
734 1465 930 1556 Ἶππαρχίαν
953 1469 1014 1556 τήν
1031 1477 1249 1554 Μαρωνεῑτιν
1272 1494 1369 1535 κυνο-

225 1578 349 1658 γαμίαν
373 1571 433 1639 τὸν
460 1572 569 1661 γάμον
597 1573 743 1659 ἐκάλεσε,
772 1578 874 1642 παῖδα
903 1575 940 1643 δέ
964 1580 1059 1662 ἔσχεν
1087 1577 1120 1656 ἐξ
1139 1571 1243 1661 αὐτῆς
1266 1560 1368 1641 Πασι-

225 1681 327 1762 κλέα]
374 1672 417 1767 ήν
442 1679 479 1748 δὲ
502 1680 554 1748 ἐπὶ
577 1684 635 1767 τής
658 1681 725 1769 ριγ’
750 1681 964 1770 ὀλυμπιάδος.
1005 1682 1185 1769 [ἐπεκλήθη
1210 1681 1247 1749 δὲ
1269 1691 1369 1774 θνρε-
1390 1695 1431 1747 οἱ,

39 1852 54 1883 ,Ι
68 1864 79 1881 ,Ι
115 1858 120 1873 Ι,
226 1793 404 1877 πανοίκτης
428 1785 484 1856 διίι
503 1787 539 1856 τὸ
560 1786 666 1869 ιἰδεοῖς
685 1791 862 1858 ἐπεισιέναι
882 1794 929 1869 είς
947 1787 1073 1869 παντὸς
1092 1780 1195 1877 οὗπερ
1209 1785 1370 1875 ἠβούλετο

226 1891 330 1963 οἶκον.
376 1887 474 1978 οὗτος
497 1895 686 1964 καταλιπὼν
711 1894 774 1984 τήν
800 1895 919 1965 οόσίαν
941 1896 1146 1984 μηλόβοτον,
1174 1893 1291 1983 ἀρθεὶς
1319 1897 1371 1963 ἐπὶ

187 2029 212 2069 15
225 2007 285 2071 τοῦ
322 2008 438 2090 βωμοῦ
471 2001 562 2071 εἶπεν
595 2005 788 2091 ’ἐλευθεροῖ
818 2004 974 2092 Κράτητα
1010 2010 1160 2091 Θηβαῖον
1198 2003 1370 2090 Κράτης’.]

226 2115 348 2196 ἔγραψε
372 2111 553 2198 φιλόσοφα.
596 2109 659 2201 [ότι
679 2110 813 2198 Κράτης
834 2110 924 2179 εἶπεν
948 2115 1064 2199 ’ἔρωτα
1088 2111 1185 2179 παύει
1209 2110 1319 2198 λιμός,
1343 2115 1374 2178 εί

226 2216 263 2284 δὲ
286 2216 346 2304 μή,
378 2217 513 2304 χρόνος,
543 2223 574 2285 εί
599 2218 634 2286 δὲ
662 2218 717 2305 μή,
740 2218 886 2306 βρόχος’.
934 2211 1032 2298 οὗτος
1054 2218 1281 2286 κατεπόντωσε
1309 2215 1371 2304 τήν

227 2323 363 2409 οὐσίαν,
392 2323 436 2405 ὡς
459 2327 546 2411 λέγει
573 2321 798 2413 Φιλόστρατος
821 2323 838 2393 ὁ
866 2325 1015 2413 Λήμνιος
1041 2327 1145 2417 ἐντῷ
1173 2330 1237 2416 βίῳ
1259 2322 1373 2392 Ἀπολ-

227 2438 355 2500 λωνίου
377 2437 437 2500 τοῦ
466 2433 641 2517 Τυανέως]

187 2562 214 2601 20
317 2539 524 2607 OOOOLXV.
561 2538 738 2627 Κράτης
761 2538 988 2626 Τιμοκράτους
1007 2538 1211 2627 Μαλλώτης,
1235 2538 1373 2624 φιλόσο-

227 2672 291 2732 φος
315 2646 479 2733 Στωικός,
509 2643 546 2727 ὃς
574 2645 740 2734 ἐπεκλήθη
759 2643 934 2735 Ὁμηρικός
949 2648 1016 2730 ,καὶ
1039 2648 1198 2734 Κρητικός
1225 2646 1281 2714 διόι
1308 2645 1371 2734 τήν

227 2755 283 2821 καὶ
315 2754 390 2839 περὶ
425 2752 502 2833 τοὺς
536 2752 784 2841 γραμματικοὺς
811 2755 866 2820 καί
894 2751 1087 2842 ποιητικοὺς
1115 2752 1237 2840 λόγους
1265 2750 1370 2821 αὐτοῦ

226 2864 407 2948 ἐπίστασιν,
431 2861 616 2951 σύγχρονος
632 2859 847 2949 Ἀριστάρχου
869 2865 931 2929 τοῦ
955 2864 1185 2948 γραμματικοῦ
1208 2860 1259 2927 ἐπὶ
1280 2868 1369 2928 Πτο-
1395 2882 1453 2931 ιιι.

226 2975 364 3056 λεμαιόυ
389 2974 449 3037 τοῦ
476 2969 715 3056 Φιλομήτορος.
757 2969 914 3050 συνέταξε
938 2968 1128 3057 διόρθωσιν
1149 2963 1292 3046 Ἰλιάδος
1313 2967 1369 3033 καί

187 3100 212 3136 τι
223 3075 414 3154 Ὀδυσσείας
437 3078 473 3142 ἐν
498 3082 640 3162 βιβλίοις
663 3075 701 3143 θ’
726 3077 779 3143 καί
805 3075 897 3144 άλλα.

230 3301 355 3371 praestat
372 3305 395 3351 A
414 3293 455 3369 (ζ
472 3301 544 3353 teste
559 3297 742 3368 Gaisfordio),
762 3298 836 3367 quod
856 3295 885 3363 ἐξ
905 3300 959 3365 οολς
974 3298 1069 3369 itaque
1088 3299 1118 3353 id
1136 3300 1228 3367 ipsum
1247 3296 1340 3366 recepi

232 3389 244 3435 l
266 3378 372 3450 ἔγραψε
390 3413 418 3419 -
437 3381 501 3436 exit.
520 3397 573 3435 om.
588 3379 663 3435 Eud.
683 3379 719 3432 ud
738 3379 824 3434 ulium
843 3379 982 3448 quendam
997 3381 1136 3435 Cratetem
1156 3381 1282 3450 spectare
1301 3377 1374 3432 vidit

231 3461 355 3515 λίοίιιοίιι

299 3540 650 3596 CCCCI.XI11E2«1.1.0.
687 3538 746 3595 Ηοο
766 3539 852 3594 inune
876 3558 934 3595 esse
958 3541 1203 3610 grammaticorum
1226 3538 1371 3592 inventum

229 3625 369 3693 perspexit
388 3624 518 3678 Meineke.
547 3623 587 3678 Cf.
608 3623 718 3688 luohde,
738 3621 806 3677 Mus.
825 3621 913 3675 IIhen.
935 3621 1076 3677 XXXVIII
1094 3641 1121 3692 p.
1137 3627 1189 3675 211
1250 3626 1266 3673 3
1285 3639 1372 3688 κωμι-

228 3702 278 3767 κὸς
297 3705 390 3774 ἕτερος
407 3707 479 3773 vulp.
500 3702 593 3771 ἕτερος
612 3721 665 3756 om.
685 3707 708 3755 A
727 3701 775 3756 καλ
794 3699 887 3769 ἕτερος
905 3696 957 3755 Ἀθ.
978 3702 1052 3756 Eud.

300 3785 470 3840 ceccuxlv
494 3785 570 3839 Εκιί.
590 3804 616 3853 p.
631 3789 696 3851 448,
715 3783 792 3837 ouius
813 3780 898 3834 vitam
918 3780 1042 3850 neglein
1067 3782 1202 3837 Westerm.
1231 3779 1272 3834 De
1291 3779 1371 3834 addi·

229 3866 360 3920 tumentis
379 3866 461 3919 huius
480 3865 590 3920 articuli
610 3862 701 3932 (Diog.
716 3861 768 3928 VI,
783 3867 826 3927 87,
845 3861 1008 3916 Philostrat.
1028 3863 1084 3916 vit.
1099 3864 1151 3931 Ap.
1170 3861 1194 3929 1,
1217 3865 1259 3930 13)
1278 3861 1371 3931 dispu-

228 3945 286 3998 tavi
302 3946 410 4000 Uniers.
430 3965 456 4015 p.
472 3952 518 4014 52,
537 3946 607 3998 Mus.
622 3942 710 3995 Rhen.
725 3941 828 3995 XXXV
842 3960 868 4010 p.
886 3949 936 3996 196
952 3946 1054 3996 ε1211.
1083 3941 1207 3995 Eudoeiu
1225 3941 1371 3997 admiscuit

230 4025 320 4079 Noun.
341 4025 419 4090 1,28
501 4021 612 4096 θαότῷ
633 4028 723 4078 om.V
816 4029 848 4076 10
867 4023 964 4076 παισὶν
983 4019 1072 4077 αότοῦ
1092 4023 1164 4090 ναῖς.
1183 4041 1210 4077 τι.
1231 4016 1328 4083 αὐτοῖς
1347 4026 1370 4072 A

230 4100 317 4159 αὐτοῦ
338 4121 391 4158 om.
407 4111 428 4156 V
502 4110 664 4173 Μαρωνίτιν
681 4109 704 4155 A
722 4105 894 4172 Μαρωνίτην
909 4110 930 4155 V

301 4184 463 4239 CCCCLXV
479 4184 554 4238 Ειιιί.
569 4202 595 4252 p.
607 4189 667 4238 449.
688 4181 928 4251 Cf.Wuehsmth,
943 4183 977 4237 de
992 4182 1065 4237 Cret.
1080 4181 1157 4236 Mall.
1172 4189 1227 4252 p.4
1264 4180 1371 4236 θθέστι

230 4264 261 4321 δέ
282 4265 330 4320 καὶ
345 4263 438 4333 ἕτερος
453 4262 526 4317 Eud.
585 4259 767 4335 Τιμοκράτης
782 4294 815 4302 -
830 4258 956 4324 Στωικός
970 4261 1016 4316 hie
1031 4280 1084 4315 0111.
1095 4267 1126 4327 V,
1145 4261 1193 4330 qui
1208 4280 1227 4315 s.
1246 4262 1291 4315 fin.
1307 4261 1371 4315 add.

231 4344 342 4416 Κράτης
358 4350 420 4414 Τιμ.
432 4376 465 4384 —
480 4338 574 4413 Ὁμηρ.
630 4351 663 4399 ‘21
684 4339 698 4397 ὁ
715 4340 844 4411 Κριτικός
864 4343 953 4397 audiri
972 4342 1057 4397 etium
1077 4341 1150 4411 apud
1165 4340 1274 4409 Asclep.
1290 4339 1371 4407 Myrl.

231 4429 343 4498 (Athen.
355 4427 392 4481 XI
402 4446 429 4496 p.
441 4432 503 4494 490)
518 4428 613 4479 monet
622 4425 715 4490 1)qu,
730 4424 764 4478 de
775 4423 851 4478 Suid.
863 4443 889 4493 p.
900 4429 952 4477 459
996 4429 1029 4477 22
1040 4423 1116 4491 prius
1132 4419 1180 4475 καλ
1195 4422 1257 4478 αδδ.
1269 4425 1371 4473 ABRV

231 4515 265 4563 24
285 4503 438 4578 διόρθωσιν
456 4510 515 4563 Bu.
534 4505 608 4561 Eud.
627 4502 659 4558 δέ·
679 4500 803 4574 ὄρθωσιν
822 4509 955 4559 Anm
969 4507 1027 4555 Alu.
1101 4508 1134 4557 θλ)
1155 4497 1187 4556 ἐν
1206 4518 1258 4557 om.
1273 4506 1296 4552 V
