3036 5114
230 315 274 379 30
497 375 500 380 ,
693 314 907 372 HESYCIIIUS.

228 496 316 562 στος,
349 474 519 560 ἐποποιός,
550 475 701 562 μαθητής
724 474 884 567 Ὁμήρου,
913 475 959 564 ῶς
985 480 1074 572 λέγει
1102 477 1119 547 ὁ
1150 482 1375 568 Κλαζομένιος

225 581 389 669 Ἀρτέμων
419 586 455 652 ἐν
483 588 528 677 τῷ
556 585 631 669 περὶ
650 581 810 673 Ὁμήρου,
839 585 985 673 γεγονῶς
1011 586 1094 654 κατὰ
1123 586 1185 675 τήν
1208 591 1248 655 θ’
1275 587 1375 674 ὀλνμ·
1402 603 1427 643 —·'›

167 703 181 727 ³
228 689 344 779 πιῶδα,
368 690 447 779 μετὰ
469 690 662 781 τετρακόσια
687 697 741 778 ἔτη
765 697 834 761 τῶν
861 699 1028 779 Τρωικῶν.

318 799 400 867 CIX.
433 796 727 886 Ἀρποκρατίων
743 792 903 889 Ἁργεῖος,
934 800 1150 881 Πλατωνικὸς
1177 800 1375 888 φιλόσοφος,

202 905 417 993 οσνμβιωτής
445 912 624 994 Καίσαρος.
675 894 820 997 ἔγραψεν
853 909 1032 996 ὑπόμνημα
1067 913 1114 989 είς
1143 908 1309 977 Πλάτωνα
1337 911 1375 977 ἐν

225 1018 370 1099 βιβλίοις
392 1014 457 1100 κδ’,
481 1017 584 1095 λέξεις
607 1014 791 1095 Πλάτωνος
814 1017 851 1083 ἐν
873 1022 1018 1102 βιβλίοις
1040 1015 1086 1103 β’.

317 1123 383 1190 CX.
415 1111 691 1210 Ἆρποκρατί
698 1149 758 1190 ων
784 1119 802 1190 ὁ
827 1122 930 1203 Γαίος
959 1127 1174 1211 χρηματίσας,
1203 1122 1374 1209 σοφιστής.

129 1259 130 1263 ’
170 1288 172 1293 .
227 1235 350 1316 ἔγραψε
373 1229 448 1315 περὶ
471 1233 539 1297 τῶν
559 1226 783 1316 Ἀντιωῶντος
806 1228 995 1316 σχημάτων,
1018 1229 1092 1316 περὶ
1115 1233 1184 1298 τῶν
1197 1227 1374 1317 ’Ίπερίδου

227 1338 282 1404 καὶ
307 1343 438 1406 Λυσίου
461 1335 573 1423 λόγων
595 1336 651 1403 καὶ
676 1338 778 1422 ἕτερα.

132 1439 137 1448 ’
190 1465 215 1503 10
318 1446 400 1512 CXI.
432 1440 727 1531 Ἁρποκρατίων
760 1439 777 1510 ὁ
809 1451 925 1522 Αἴλιος
956 1450 1173 1531 χρηματίσας,
1205 1444 1374 1532 σοφιστής.

228 1555 351 1637 ἔγραψε
380 1551 454 1638 περὶ
485 1555 553 1619 τῶν
583 1549 779 1618 δοκούντων
807 1563 876 1629 τοῖς
898 1550 1059 1639 ῥήτορσιν
1083 1549 1289 1640 ήγνοήσθαι,
1317 1554 1372 1620 καὶ

227 1655 406 1744 ὑποθέσεις
432 1661 499 1725 τῶν
527 1657 638 1742 λόγων
658 1654 852 1742 Ὑπερίδου,
879 1659 954 1744 περὶ
977 1664 1038 1727 τοῦ
1061 1664 1287 1741 κατεψεῦσθαι
1310 1659 1372 1747 τήν

221 1761 408 1852 Ἡροδότου
430 1768 594 1851 ἱστορίαν,
620 1765 693 1852 περὶ
717 1769 784 1832 τῶν
808 1762 896 1851 παρὰ
918 1768 1113 1853 Ξενοφῶντι
1138 1767 1273 1854 τάξεων,
1296 1769 1372 1856 περὶ

75 1944 99 1959 Ι,
121 1922 198 1987 Μ
226 1873 344 1958 τέχνης
369 1875 562 1960 ῥητορικῆς,
586 1872 661 1958 περὶ
686 1876 796 1940 ίδεῶν.

74 1960 132 2001 “Q'
157 1960 165 1977 ι
189 2001 214 2041 ιτ
317 1980 416 2048 CXII.
454 1976 749 2067 Ἁρποκρατίων
777 1976 796 2046 δ
825 1982 985 2066 Βαλέριος
1012 1987 1230 2068 χρηματίσας,
1263 1980 1373 2070 ῥήτωρ

223 2081 466 2175 Ἀλεξανδρεύς.
512 2088 615 2168 λέξεις
637 2090 705 2154 τῶν
727 2085 754 2154 ι’
778 2086 947 2175 ῥητόρων,
978 2084 1141 2181 ἀνθηρῶν
1165 2089 1375 2176 συναγωγήν.

316 2193 431 2261 CXIII.
453 2192 659 2279 Ἀρριανδς
678 2193 844 2279 ἐποποιός,
866 2193 1076 2282 μετάφρασιν
1093 2200 1160 2263 τῶν
1179 2201 1372 2282 γεωργικῶν

226 2305 286 2370 τοῦ
311 2307 509 2388 Βεργιλλίου
537 2303 656 2380 ίπικῶς
683 2299 838 2388 ποιήσας,
865 2297 1123 2391 Ἀλεξανδριοίδα
1151 2306 1234 2393 (ἔστι
1265 2303 1303 2371 δὲ
1332 2302 1371 2371 τὰ

225 2408 306 2476 κατὰ
339 2407 400 2477 τὸν
432 2406 616 2476 Μακεδόνα
649 2409 686 2475 ἐν
719 2409 906 2498 ραψῳδίαις
934 2408 1018 2497 κδ’),
1051 2415 1099 2490 είς
1118 2408 1281 2479 ’Ἄτταλον
1309 2411 1371 2479 τὸν
1394 2468 1408 2495 ,,

188 2539 215 2579 20
229 2515 456 2604 Περγαμηνὸν
478 2514 654 2602 ποιήματα.

316 2625 427 2694 CXIV.
462 2621 669 2712 Ἀρριανός
692 2621 918 2710 Νικομηδεύς,
941 2622 1129 2712 φιλόσοφος
1144 2623 1373 2713 Ἐπικτήτειος,

227 2727 245 2800 δ
274 2733 464 2821 ἐπικληθεὶς
489 2735 565 2811 νίος
586 2735 758 2825 Ξενοφῶν.
804 2721 848 2817 ήν
872 2730 910 2798 δὲ
933 2732 970 2799 ἐν
987 2729 1095 2821 Ῥώμη
1120 2732 1172 2800 ἐπὶ
1193 2730 1371 2820 Ἀδριανοῦ

298 2953 313 2999 2
333 2947 368 3000 de
387 2948 538 3002 Artemone
553 2965 578 3000 v.
595 2947 701 3001 Μιλλλεν
714 2945 752 2998 IV
766 2963 793 3014 p.
808 2951 858 2999 341
915 2942 946 2999 α’
962 2943 1062 3016 ὀλυμπ.
1078 2946 1256 3018 διαμείναντα,
1271 2948 1372 3002 Annal.

227 3025 298 3080 Phil.
319 3032 351 3080 67
372 3046 397 3096 p.
412 3034 478 3095 319,
502 3027 577 3081 idem
601 3027 675 3081 infra
696 3023 766 3096 μετὰ
786 3022 833 3095 νη’
856 3023 903 3096 ἔτη
926 3028 1085 3097 proposuit,
1108 3026 1178 3098 μετὰ
1202 3024 1251 3099 αρ’
1272 3029 1373 3083 maluit

226 3106 333 3172 Rome,
352 3107 422 3161 Mus.
438 3108 525 3162 Rhen.
541 3106 658 3161 XXXIII
673 3125 699 3176 p.
717 3113 781 3174 17³,
800 3107 830 3160 ϋι
850 3110 878 3162 et
896 3123 1002 3177 supras.
1022 3113 1037 3162 λ
1052 3113 1084 3177 1,
1102 3128 1131 3163 οι
1149 3114 1171 3161 1

297 3195 479 3251 CIX—CXII
511 3197 625 3252 Brevius
652 3196 786 3261 alterum,
815 3196 941 3264 tertium,
968 3199 1098 3265 quartum
1124 3198 1210 3268 Harp.
1239 3198 1373 3253 tractavit

226 3275 303 3333 Eud.
317 3294 343 3346 p.
361 3283 410 3329 112
426 3292 492 3345 τοο,
511 3276 599 3331 fusius
613 3276 736 3346 primum
749 3294 776 3344 p.
794 3282 853 3344 125,
873 3277 921 3332 sed
937 3277 1048 3333 inverso
1061 3276 1167 3346 ordine,
1182 3292 1246 3333 cum
1260 3279 1372 3334 Aelium

227 3360 361 3425 sequatur
379 3356 477 3425 Gaius,
496 3358 570 3412 hune
590 3357 725 3413 Valerius.
763 3357 873 3411 Aelium
893 3358 1011 3413 eundem
1030 3376 1091 3413 οεεο
1110 3377 1173 3413 cum
1192 3358 1264 3415 Gaio
1282 3359 1373 3428 suspi-

227 3442 307 3493 catus
326 3439 369 3492 est
387 3442 452 3507 post
470 3438 618 3507 Κίεεελίκρ.
639 3439 703 3507 Lyc.
724 3438 756 3491 fr.
776 3456 803 3507 p.
819 3445 853 3493 20
873 3439 959 3493 etiam
981 3440 1086 3495 Μίλων
1104 3439 1142 3494 IV
1161 3458 1186 3509 p.
1202 3446 1264 3495 412.
1292 3439 1373 3494 Cete-

227 3537 288 3573 rum
308 3519 342 3575 cf.
362 3518 486 3588 Boysen‚
509 3520 543 3574 de
562 3519 725 3589 Harpocrat.
745 3519 814 3574 font.
833 3536 861 3588 p.
878 3526 911 3574 10
926 3537 965 3587 sq.
1051 3527 1068 3574 ὁ
1087 3515 1279 3591 ὑπομνήματα
1299 3519 1373 3572 Eua.

227 3595 381 3669 ὑπόμνημα
400 3604 465 3674 posI
483 3597 569 3656 Πλάτ.
590 3599 744 3655 ἱίεεονὶλλ

300 3679 347 3733 CX
377 3679 633 3748 1ίγραψεοω.11

300 3759 360 3814 CXI
391 3768 422 3814 11
442 3767 500 3823 τοῖς
518 3766 614 3816 οω.Δ

299 3838 372 3894 CXII
403 3847 435 3895 16
455 3837 603 3910 συναγωγή
622 3847 645 3892 V

299 3920 386 3975 CXIII
405 3921 481 3977 Ειιδ.
501 3940 526 3991 p.
545 3929 602 3976 115.
632 3920 707 3975 Duos
726 3921 874 3989 scriptores
895 3918 1007 3974 Suidam
1028 3919 1057 3990 (i.
1073 3936 1096 3976 e.
1111 3919 1293 3990 Hesychium)
1308 3938 1373 3976 con·

226 4001 343 4066 fudisse,
363 4019 426 4056 cum
445 4002 520 4056 idem
539 4019 595 4058 non
609 4001 809 4072 Georgicorum
823 4000 1013 4072 metaphrasin
1032 4003 1062 4055 et
1078 4001 1268 4056 laudationem
1283 4002 1373 4055 Attali

227 4099 392 4152 componere
412 4083 547 4151 potuerit,
567 4087 663 4138 censet
678 4081 815 4147 Μαὶικλκ,
834 4081 913 4135 Anal.
931 4099 957 4150 p.
974 4088 1035 4136 371.
1073 4080 1112 4135 Cf.
1128 4083 1222 4148 θοοὶ),
1242 4082 1275 4136 de
1296 4081 1371 4136 Suid.

227 4183 254 4234 p.
268 4169 320 4217 41ss
395 4168 426 4215 lI
446 4161 604 4231 μετὲφρασε
625 4160 659 4217 τοὶ
682 4167 710 4217 Β.
730 4181 771 4230 γε.
791 4157 895 4224 ἐπικῶς
919 4160 968 4216 καὶ
990 4157 1060 4216 ἄλλα
1079 4159 1166 4216 πολλοὶ
1187 4160 1228 4224 είς
1243 4157 1372 4215 ’Ἄτταλον

227 4264 249 4297 τ.
265 4246 350 4311 Περγ,
364 4242 439 4295 Eud.
493 4249 524 4295 18
539 4240 659 4310 ποιήσας
673 4259 748 4311 susp.
801 4248 832 4295 19
848 4239 980 4315 βαψωδίᾳ
993 4244 1065 4312 vulp.
1082 4244 1121 4310 (et
1133 4243 1251 4296 fortasse
1262 4245 1295 4312 Δ)
1309 4244 1373 4309 post

227 4321 360 4398 ὁαψωδίηι
380 4323 482 4376 lacuna
500 4324 579 4376 extat
596 4323 625 4375 in
639 4328 667 4375 1
681 4327 739 4376 Iud.
759 4318 919 4390 ᾇαψωδίαις
932 4326 955 4373 V
1010 4327 1044 4375 20
1063 4316 1206 4392 ποιήματα
1226 4341 1279 4376 om.
1295 4322 1372 4376 Eud.

299 4402 385 4458 CXIV
404 4403 479 4457 Eud.
499 4421 526 4471 p-
544 4408 602 4486 129,
622 4421 693 4471 quae
709 4420 762 4457 om.
777 4403 832 4456 τῶν
848 4403 985 4474 βασιλέων
996 4434 1027 4442 -
1039 4399 1196 4470 δεξιότητα.
1217 4403 1257 4460 Cf.
1274 4404 1371 4473 Steph.

228 4484 290 4553 Byz.
312 4504 337 4540 v.
359 4480 537 4553 Νικομήδεια
930 4494 935 4501 ’
