3036 5114
211 306 277 369 176
677 309 890 367 HESYOHIUS.

300 487 437 553 DOLlX.
475 485 740 573 Πολόκαρπος
764 485 926 558 Ἰωάννου
952 495 1013 558 τοῦ
1041 487 1279 579 εὐαγγελιστοῦ
1303 493 1363 559 καί

207 593 377 679 θεολόγον
401 591 577 682 ἀκροατής,
607 597 765 682 διάδοχος
788 596 825 664 δὲ
848 584 1025 666 Βουκόλον
1047 603 1109 667 τοῦ
1131 599 1266 687 πρώτου
1290 601 1361 668 ἐπι-
1381 620 1447 673 fa-u„

208 699 438 787 σκοπήσαντος
466 705 524 788 τῆς
551 709 760 790 Σμυρναίων
787 706 975 792 ἐκκλησίας,
1006 702 1043 787 ὃς
1069 709 1124 775 καὶ
1153 705 1222 795 μετ’
1253 705 1362 776 αὐτὸν

207 812 265 894 τής
299 810 478 894 ἐπισκοπῆς
513 809 668 897 δεύτερος
700 811 873 898 ἐκρότησε,
906 814 961 880 καὶ
997 822 1170 907 μαρτυρίηι
1196 819 1242 907 τῷ
1270 812 1360 901 ὑπὲρ

182 920 355 1001 5Χριστοῦ
384 923 587 985 τετελείωται
616 919 669 985 ἐπὶ
695 911 838 1004 Μάρκου
859 917 1071 989 Ἆντωνίνου.
1118 929 1262 1012 ἔγραψεν
1288 925 1360 991 ἐπι-

208 1022 331 1110 στολήν
359 1023 442 1110 πρὸς
472 1030 717 1111 Φιλιππησιόυς
749 1025 840 1093 πάνυ
866 1027 1068 1114 θαυμαστήν
1098 1031 1153 1097 καὶ
1181 1029 1266 1117 πρὸς
1295 1030 1359 1099 τὸν

207 1133 311 1217 με’γαν
344 1131 531 1199 Διονύσιον
558 1131 618 1200 τόν
642 1129 887 1221 Ἀρεοπαγίτην
915 1136 970 1202 καί
998 1137 1081 1220 πρὸς
1108 1135 1211 1217 ἄλλας
1241 1139 1358 1224 ἐκκλη·

207 1243 289 1315 σίας.
337 1227 449 1320 [οὗτος
472 1239 528 1306 eui
551 1245 774 1320 τιναςάίτίας
795 1246 857 1309 τοῦ
881 1244 1004 1330 πάσχα,
1028 1244 1267 1329 βασιλεύοντος
1285 1241 1358 1313 'Av-

206 1349 352 1412 τωνίνου
379 1350 440 1414 τοῦ
464 1352 554 1415 Πίου
581 1347 638 1414 καί
667 1350 929 1428 ἐπισκοποῦντας
955 1354 1013 1436 τής
1039 1353 1212 1438 ἐκκλησίας
1228 1349 1360 1440 Ῥάμης

168 1448 394 1538 10Ἀνικήτου,
424 1455 540 1539 ἐπέστη
568 1459 608 1543 τῇ
626 1451 749 1544 Ῥώμη,
778 1457 821 1549 ἐν,
842 1447 866 1544 ή
891 1457 946 1523 καὶ
974 1457 1119 1537 πολλοὺς
1146 1464 1190 1550 τῷ
1215 1459 1359 1546 δόγματι

208 1565 413 1642 Μαρκίωνος
431 1563 486 1628 καὶ
505 1569 713 1630 Βαλεντίνου
731 1563 970 1644 πιστεύσαντας
989 1563 1219 1636 άνεκαλέσατο.
1251 1564 1357 1635 ἀπαν-

207 1663 371 1750 τήσαντος
399 1668 436 1735 δὲ
464 1670 553 1760 αὐτῷ
582 1672 615 1750 ἐξ
644 1666 835 1755 αὐτομάτου
860 1679 1077 1759 Μαρκίωνος,
1106 1675 1161 1742 καί
1185 1674 1359 1762 εἰρηκότος

207 1773 295 1863 αὐτῷ
316 1774 471 1860 ’γνόριζε
485 1774 580 1864 ἡμᾶς,
601 1775 829 1863 Πολόκαρπε’,
848 1773 1013 1866 ἀπεκρίθη
1029 1782 1195 1868 (γνωρίζω
1215 1802 1250 1850 σι
1267 1807 1357 1868 πρω-

208 1878 347 1948 τότοκον
370 1888 432 1950 τοῦ
456 1883 618 1970 διαβόλου
640 1882 760 1968 νίόνἸ.

169 1999 193 2039 ¹⁶
227 2053 229 2056 ,
297 1990 419 2057 DCLX.
463 1989 723 2077 Πολυκράτης
748 1989 927 2078 Ἀθηναῖος
957 1991 1067 2080 ῥήτωρ
1097 1994 1208 2074 δεινός
1235 2021 1270 2063 τε
1299 1999 1358 2065 καὶ

89 2102 95 2131 ’·
205 2094 284 2175 τοὺς
301 2096 383 2163 κατά
400 2099 603 2184 Σωκράτους
622 2097 743 2184 λόγους
761 2097 824 2166 δύο
837 2096 962 2190 'Auden
980 2101 1036 2167 καὶ
1050 2101 1194 2194 Μελήτῳ
1214 2102 1355 2188 γράψας.

295 2204 434 2272 DCLXI.
458 2204 692 2292 Πορφόριος
710 2206 743 2289 [ὁ
757 2205 840 2272 κατὰ
853 2211 1056 2292 χριστιανοῖν
1070 2209 1213 2296 γράψας]
1232 2212 1356 2295 Ῥόριος

206 2309 409 2398 φιλόσοφος,
438 2308 475 2392 ὃς
496 2318 619 2398 κυρίως
643 2315 788 2379 ἐκαλεῖτο
813 2313 990 2400 Βασιλεύς,
1014 2311 1167 2403 μαθητής
1191 2314 1358 2403 [Ἀμολίου

205 2421 279 2501 τοῦ]
300 2425 479 2488 Πλωτίνου
504 2424 686 2507 [μαθητοῦ]
712 2411 770 2508 (ἦν
796 2419 832 2486 δὲ
855 2421 911 2487 καὶ
930 2427 1103 2507 Λογγίνου
1124 2427 1185 2491 τοῦ
1203 2431 1355 2508 κριτικοῦ

166 2539 192 2577 ²⁰
207 2521 487 2617 detenuissemus),
517 2527 718 2615 διδάσκαλος
748 2527 785 2595 δὲ
807 2525 1012 2615 Ἰαμβλίχου,
1041 2531 1187 2617 γεγονὼς
1210 2531 1263 2598 ἐπὶ
1286 2536 1357 2600 τῶν

206 2705 225 2741 s.
241 2686 286 2743 fin.
302 2679 365 2743 add.
380 2691 466 2756 End,
485 2706 556 2758 quae
575 2689 662 2743 verba
676 2706 742 2743 cusu
757 2688 832 2757 apud
847 2689 959 2743 Snidem
975 2690 1149 2746 intercidisse
1163 2693 1245 2761 putei
1259 2692 1357 2759 Danu,

207 2768 241 2821 de
262 2769 333 2825 Viul.
354 2788 381 2840 p.
397 2777 422 2840 9,
442 2787 555 2826 censum
575 2769 740 2840 suspicionis
759 2787 814 2824 non
833 2769 922 2824 inesse
941 2769 1015 2824 vidit
1035 2772 1159 2826 Μτίκάκ

278 2850 387 2904 DCLIX
411 2851 485 2906 Num
503 2850 683 2920 Hesychienn
705 2850 754 2915 sit,
777 2849 875 2904 dubito
967 2858 981 2905 7
1003 2848 1205 2921 Ἀρεοπαγίτην
1224 2857 1247 2904 Δ
1268 2847 1357 2919 ’Am

132 2988 135 2995 ,
206 2932 327 2999 παγίτην
345 2933 418 3001 vulg.
508 2937 525 2983 8
549 2924 631 2991 οὗτος
649 2947 707 2998 seq.
729 2930 765 2982 ad
788 2929 902 2984 verbum
927 2947 961 3006 ex
980 2931 1115 3001 Sophron.
1136 2950 1158 2988 ο.
1176 2939 1208 2986 17
1231 2949 1249 2986 u
1268 2931 1357 2988 Suidu

128 3000 133 3008 ’
207 3011 349 3079 descripta
426 3017 458 3064 14
476 3007 541 3064 οἶόν
560 3027 614 3064 om.
632 3010 713 3079 Soph.

277 3089 377 3144 1)ch
397 3092 473 3146 Εα-ιί.
492 3109 519 3161 p.
536 3098 595 3147 591.
630 3090 765 3162 0118ος
782 3091 820 3158 11,
836 3098 870 3146 38
884 3109 955 3160 seq.;
975 3092 1083 3149 Aeliun.
1097 3092 1163 3148 Ver.
1179 3093 1213 3147 H.
1232 3094 1286 3163 XI,
1308 3101 1355 3150 10.

207 3171 247 3225 Of.
268 3170 358 3238 Blass,
382 3171 440 3227 Att.
464 3172 526 3227 Ber.
546 3173 571 3225 ΙΙ
595 3191 621 3242 p.
638 3180 689 3227 336
783 3179 816 3229 15
843 3169 937 3235 δεινός
959 3194 989 3228 τε
1014 3173 1062 3228 καλ
1086 3173 1158 3228 forie
1181 3176 1356 3231 mendosum.

206 3255 249 3305 An
263 3248 444 3315 θεινότατοςλ
464 3253 498 3308 uf.
514 3251 590 3307 Suid.
609 3271 635 3308 v.
652 3247 787 3322 Ἀνάνιος,
810 3249 991 3316 Τουσκιανός,
1026 3253 1155 3308 Ceterum
1174 3254 1208 3309 de
1227 3258 1357 3312 constru-

207 3334 299 3389 ctione
320 3331 445 3404 γράψας,
469 3351 553 3402 quam
577 3350 594 3388 a
614 3332 699 3388 Suida
717 3333 865 3389 ebhonere
889 3334 1000 3404 putavit
1018 3336 1199 3405 Bernhardy,
1223 3336 1258 3390 cf.
1281 3355 1357 3407 quae

206 3433 265 3488 dixi
278 3453 304 3490 v.
319 3429 399 3507 ’Ἄβας
460 3440 492 3488 16
512 3437 528 3506 β
547 3429 649 3495 άνυτος
668 3432 717 3486 καλ
736 3430 853 3502 μέλητος
867 3439 890 3486 Δ
909 3429 1042 3500 δεύτερος
1058 3429 1157 3505 Ἀιάτῳ
1176 3432 1225 3487 καλ
1239 3437 1356 3508 Μελίτη)

123 3536 125 3539 ·
205 3517 277 3585 νκίη,
295 3516 371 3570 Eud.
404 3512 457 3570 δόο
481 3510 585 3577 άνυτος
608 3513 657 3568 ναὶ
679 3512 789 3584 μέλιτος
806 3519 828 3563 V
853 3513 913 3581 (sed
933 3514 974 3567 bis
994 3535 1015 3567 ω
1035 3514 1265 3584 suprascriptum)
1285 3513 1352 3569 δεό-

205 3615 285 3663 τερος
301 3591 413 3650 Ἀνότου
439 3596 487 3649 καλ
507 3597 630 3650 Μελίτου
649 3611 712 3648 eum
732 3595 879 3649 Ραίιοκιο
897 3595 1048 3662 Καοιωαες
1067 3593 1199 3664 equidem
1217 3595 1357 3650 Bernhar-

206 3677 293 3744 dyum
310 3680 421 3731 secutus
440 3695 501 3731 sum

278 3753 387 3810 DCLXI
407 3757 482 3811 Eud.
497 3775 524 3825 p,
536 3764 596 3811 609.
616 3758 657 3812 ef.
672 3757 777 3823 Eunap.
793 3756 804 3807 Ι
819 3774 846 3824 p.
860 3760 956 3823 iseq.;
977 3753 1079 3807 Muller
1093 3753 1131 3807 ΙΙΙ
1146 3772 1172 3823 p.
1186 3762 1237 3810 688
1290 3763 1322 3811 17
1338 3752 1355 3810 ὁ

206 3831 278 3888 κατὰ
293 3838 342 3902 Χρ.
358 3831 471 3903 γράψας
490 3837 623 3890 recedunt
641 3853 674 3890 ex
693 3852 769 3887 more
785 3834 967 3903 Hesychiani,
988 3835 1184 3902 praeterquam
1203 3836 1278 3903 quod
1299 3853 1354 3890 om.

206 3916 295 3981 λαλιά,
313 3917 433 3984 repetitu
448 3919 512 3971 sunt
526 3935 559 3971 ex
578 3917 713 3970 librorum
727 3915 825 3969 tabule
839 3915 884 3968 vel
898 3931 932 3968 ex
948 3915 1111 3983 insequente
1128 3914 1231 3969 Suidae
1246 3915 1355 3984 glossa:

207 3987 290 4056 οὗτός
305 3990 380 4049 ἐστιν
391 4029 424 4036 —
435 3992 449 4049 ό
461 3993 512 4065 τήν
527 3994 598 4051 κατὰ
614 3995 780 4066 χριατιανῶν
796 3990 966 4067 ἔφόβριστον
982 3994 1108 4062 γλῶσσαν
1121 3991 1237 4062 κινήσας
1275 4000 1308 4049 18
1323 3989 1356 4058 ὃς

208 4108 241 4118 -
253 4073 386 4137 Βασιλεύς
397 4082 462 4130 unte
474 4075 576 4144 Τόριος
585 4077 718 4131 exhibenb
726 4073 792 4128 libri
803 4074 888 4141 Suid,
898 4075 1020 4144 praetuli
1030 4073 1171 4128 inversum
1183 4075 1218 4128 ab
1230 4073 1355 4129 Eudoeie

207 4158 353 4214 verborum
369 4156 507 4225 ordinem,
527 4174 598 4226 quae
612 4157 717 4227 pergit:
733 4153 811 4220 ἔδοξε
828 4153 859 4210 δὲ
875 4151 948 4210 οὕτω
964 4156 1178 4225 μετακληθήιαι
1194 4148 1212 4222 ἢ
1230 4150 1354 4209 ἀπὸτοῦ

209 4237 342 4313 βασιλέως
361 4233 500 4304 εἶναιτὴν
515 4233 666 4306 πόρφυραν
680 4231 697 4304 ή
713 4236 762 4290 καλ
776 4232 833 4290 άπὸ
849 4238 898 4290 τοό
913 4237 1074 4304 πορφυρίσι
1091 4229 1285 4304 ὀνομάζεσθαι
1301 4231 1354 4304 τήν

210 4318 304 4388 Τύρου
319 4317 429 4390 τέχνην.
441 4348 473 4356 -
484 4313 621 4378 Βασιλεύς
631 4335 667 4371 se.
678 4315 805 4384 Μάλχος;
823 4312 944 4386 Ἀμελίον
959 4320 987 4370 et
1000 4316 1050 4369 τοῦ
1062 4315 1203 4384 μαθητοῦ,
1217 4331 1289 4384 quae
1300 4333 1354 4370 om.

209 4402 293 4470 Ειαί,
312 4399 443 4470 στρατιάς
463 4397 562 4452 eadum
580 4397 693 4466 ignorat
706 4397 792 4450 etiem
807 4396 950 4466 Eunapius
1013 4402 1045 4449 19
1065 4387 1100 4464 ἦν
1115 4393 1147 4448 δὲ
1164 4425 1196 4435 -
1211 4391 1353 4463 άκροαοά·

208 4501 292 4553 μενος
306 4479 475 4551 1τιιοομοοοὶ,
489 4478 577 4533 fretus
592 4478 732 4532 Eudociee
748 4478 881 4532 lectione:
896 4472 1036 4544 ἀκουστὴς
1049 4474 1081 4530 δὲ
1096 4474 1195 4544 γέγονε
1210 4476 1354 4543 nonenim
