3036 5114
598 335 813 394 HESYCHIUS.
1233 335 1273 399 77

63 580 67 605 Ι
129 492 365 588 ὑπομνήματα,
395 500 450 569 καὶ
480 502 574 589 ἕτερα
601 499 716 569 πολλά.
768 499 898 588 ἤνθησε
926 500 1068 586 μάλιστα
1096 500 1149 568 ἐπὶ
1178 505 1273 566 Κῶν-

22 602 37 611 ”
72 590 82 616 ”
130 613 311 677 σταντίνου
351 613 411 677 τοῦ
450 609 612 695 βασιλέως
647 609 702 676 καί
737 614 993 693 Κωνσταντίου,
1030 608 1085 675 καί
1123 606 1179 676 διὰ
1212 606 1275 692 τὴν

130 721 248 801 φιλίαν
287 714 349 803 τὴν
383 715 467 802 πρὸς
499 716 682 803 Πάμφιλον
716 715 776 783 τὸν
810 715 960 803 μάρτυρα
993 720 1052 803 τῆς
1086 717 1275 802 ἐπωνυμίας

130 820 235 890 αὐτοῦ
259 820 412 910 ἠξιῶθη.]

219 931 354 998 OGXCI.
400 927 626 1010 Εὐστάθιος
655 926 863 1015 Ἐπιφανεάς.
917 928 1078 1017 χρονικὴν
1114 928 1300 1017 ἐπιτομὴνῡ

25 1046 105 1090 --’-·”-
129 1041 199 1105 τῶν
225 1035 290 1105 άπὸ
315 1042 455 1106 Αἰνείου
481 1039 595 1125 μέχρις
617 1034 836 1105 Ἀναστασίου
858 1040 1019 1123 βασιλέως
1042 1040 1079 1105 ἐν
1101 1038 1216 1126 τόμοις
1234 1035 1274 1105 θ’

130 1144 185 1211 καί
209 1142 294 1213 ἄλλα
317 1144 401 1213 τινά.

219 1252 374 1321 OCXCII.
411 1259 442 1319 Ε
450 1249 558 1321 ὐστέ
565 1278 669 1337 φιος
689 1249 920 1340 Ἀφροὸισιεὺς
949 1250 1109 1341 σοφιστὴς
1208 1254 1273 1319 ἐπι-

131 1364 264 1445 φανίων
292 1364 359 1427 τῶν
383 1362 420 1428 ἐν
441 1358 628 1447 Ἀδρόττοις
650 1363 695 1453 τῷ
721 1358 898 1450 εὐκτηρίφ,
924 1356 941 1427 ὃ
965 1374 1070 1428 κεῖται
1093 1363 1130 1428 ἐν
1155 1364 1273 1450 Λυδίᾳ.

131 1473 253 1554 ἔγραψε
276 1469 420 1554 μελέτας.
1289 1487 1315 1526 ιο

220 1575 390 1643 OOXOlll.
429 1573 647 1662 Εὗστόχιος
677 1575 904 1663 Καππαδόκης
931 1575 1101 1664 σοφιστής.
1152 1580 1274 1662 ἔγραψε

25 1690 29 1711 ¹
54 1690 89 1718 ‘⁴‘-
129 1679 170 1771 τὰ
198 1679 280 1749 κατὰ
304 1681 511 1751 Κῶνσταντα
539 1681 598 1751 τὸν
627 1683 765 1769 βασιλέα
792 1683 848 1749 καί
877 1681 1115 1771 ἀρχαιολογίαν
1138 1689 1274 1750 Καππα-

132 1792 247 1869 δοκίας
269 1790 324 1856 καί
347 1793 474 1859 λοιπῶν
499 1789 621 1857 ἐθνῶν.

220 1898 387 1965 OCXOIV.
426 1895 648 1984 [Εὕσχημος
674 1896 825 1984 κωμικός.
870 1901 939 1966 τῶν
968 1897 1147 1985 δραμάτων
1171 1896 1275 1966 αὐτοῦ

130 2006 221 2073 ἐστιν
242 2002 400 2092 Ἐμπολή,
425 2002 476 2095 ῶς.
488 2002 668 2098 ᾈθήναιος
689 2005 800 2091 λέγει]
1291 2027 1316 2066 1⁵

219 2113 369 2181 CCXCV.
407 2109 631 2197 Εὐτρόπιος
651 2109 774 2192 Ἰταλὸς
798 2113 967 2199 σοφιστής.
1008 2110 1069 2200 τὴν
1088 2110 1275 2201 Ῥωμαϊκὴν

130 2223 281 2309 ἱστορίαν
305 2222 501 2304 ἐπιτομικῶς
523 2222 563 2307 τῇ
584 2214 720 2286 Ἰταλῶν
743 2222 851 2307 φωνῇ.
897 2224 1019 2306 ἔγραψε
1041 2221 1096 2288 καί
1120 2220 1213 2289 ἄλλα.

220 2327 387 2395 ccxovl.
411 2324 625 2413 Εὐφορίων
640 2329 714 2404 υίὸς
728 2325 899 2412 Αἰσχύλου
918 2331 979 2394 τοῦ
995 2332 1165 2418 τραγικοῦ,
1178 2326 1289 2416 Ἀθηῇ

203 2491 381 2567 ΙῆνθισεΔ
454 2490 539 2550 3τὸν
559 2511 611 2549 om.
632 2498 680 2547 AB

202 2578 307 2633 COXOI
326 2579 402 2632 Eud.
420 2595 447 2649 p.
463 2581 523 2631 286.
561 2574 601 2630 Of.
620 2576 721 2629 Muller
738 2574 775 2629 lv
794 2594 820 2645 p.
842 2581 901 2630 138.
959 2575 1164 2648 ὂσυνήθροισε
1183 2599 1276 2649 χρονι-

130 2653 184 2728 ιιὴν
204 2653 340 2728 ἐπιτομὴν
360 2652 535 2726 ὡραιοτάτην
554 2656 609 2709 τῶν
631 2652 736 2711 άπὸ-
751 2656 837 2724 Eud„
855 2672 911 2724 quo
929 2656 964 2712 dc
979 2656 1069 2713 forme
1085 2677 1111 2715 v,
1127 2660 1221 2727 Daub,
1240 2661 1275 2714 do

130 2740 203 2796 vicl.
212 2757 239 2809 p.
256 2745 272 2793 8
319 2744 334 2792 θ
349 2734 405 2792 τοῦ
417 2731 512 2805 Τρωός
526 2734 589 2790 add.
600 2735 676 2790 Eue.
696 2736 808 2807 μέχριΔ
855 2734 887 2792 ἐν
902 2742 988 2792 cmv
1007 2734 1039 2793 ἐν
1053 2737 1148 2808 τόμοις
1164 2736 1191 2813 β’
1203 2741 1275 2794 coni.

129 2820 267 2875 Kusterus
284 2823 400 2890 proptor
417 2815 533 2884 Euagrii
556 2816 619 2870 hist.
639 2816 713 2875 Eccl.
733 2817 766 2885 V,
786 2824 833 2886 24,
857 2835 912 2886 quo
935 2818 1050 2888 quidem
1072 2821 1136 2875 loco
1161 2816 1203 2889 (ἐν
1222 2818 1275 2875 δύο

129 2898 267 2970 τείχεσιν)
285 2899 326 2952 nil
341 2896 453 2967 probari
467 2899 542 2951 reete
556 2897 699 2967 perspexit
711 2899 878 2971 Bernhardy
897 2895 928 2954 ἐν
947 2897 1042 2971 νόμοις
1061 2904 1149 2957 εἰκοσι
1163 2903 1275 2970 rectius,

130 2984 162 3035 ut
176 2981 299 3046 videtur,
321 2979 403 3045 Eud,
423 2994 493 3046 quae
513 2977 607 3047 pergit
621 2977 668 3031 καί
683 2975 752 3033 ἄλλα
767 2974 831 3032 τινά
846 2975 962 3049 χρονικὰ
978 2979 1183 3052 ουνεγράψατο.
1203 2984 1275 3038 Huic

131 3059 207 3116 vitoe
224 3060 323 3115 Suidus
342 3058 492 3128 adscripsit
510 3059 633 3128 glossam
651 3061 802 3129 repetitam
821 3076 855 3113 ex
870 3063 1012 3124 Βαοίλειος
1029 3057 1205 3133 Ἀγκυρανός,
1226 3064 1275 3119 ubi

133 3143 296 3212 compilavit
315 3141 448 3209 Sophron.
469 3156 491 3194 o.
511 3145 545 3193 89
1357 3209 1362 3220 ο

204 3220 320 3278 ccxci}
336 3238 390 3276 om.
401 3220 538 3276 Westerm.
554 3221 629 3276 Eud.
643 3239 671 3291 p.
681 3227 741 3276 289.
762 3219 803 3276 Cf.
813 3238 838 3274 v,
848 3216 980 3290 Λαχάρης
1034 3230 1050 3277 9
1066 3219 1275 3295 ἕναὸρόττοιςΔ

132 3303 226 3357 locum
244 3301 409 3356 mendosum
428 3319 525 3356 sanare
543 3304 666 3358 tentavit
681 3303 794 3368 Berkel,
813 3300 882 3356 coni.
899 3298 1032 3372 σοφιστὴς
1052 3300 1200 3373 ἐπιφανῶν
1220 3308 1275 3359 τῶν

131 3379 163 3437 ἐν
181 3378 331 3449 Ἀδρόιτοις
346 3378 511 3451 οἰκητόρων,
528 3375 547 3434 ἃ
562 3389 663 3453 νεῖται,
676 3382 860 3451 Eustephium
876 3382 996 3437 edidisse
1011 3384 1200 3440 laudationem
1216 3383 1274 3440 ἐπι-

131 3463 259 3533 φανειῶν
277 3463 333 3517 τῶν
354 3458 385 3516 ἰν
401 3456 553 3530 Ἀδρότιοις
570 3464 691 3531 putabat
709 3464 887 3534 Bernhardy,
911 3465 985 3532 quod
1009 3482 1042 3519 eo
1064 3466 1155 3520 minus
1173 3465 1273 3536 probs·

128 3543 186 3597 bile
209 3544 333 3612 videtur,
357 3543 432 3610 quod
454 3541 528 3596 iufra
549 3542 663 3598 demum
685 3545 789 3616 legitur
813 3543 919 3614 ἔγραφε
944 3560 1014 3614 soq.,
1039 3541 1053 3598 ὁ
1077 3543 1190 3614 γράψας
1208 3546 1273 3615 περὶ

128 3625 241 3694 supplet
258 3624 352 3678 Doub.
386 3620 479 3677 Satius
498 3625 541 3678 est
563 3625 679 3679 lacunae
698 3627 808 3696 signum
826 3641 930 3695 ponere
998 3625 1036 3695 τῷ
1056 3630 1131 3681 cour.
1149 3631 1198 3679 Au
1217 3628 1273 3680 τῶν

129 3700 284 3774 εάκτηρίων
299 3705 370 3773 vulp.
386 3703 462 3757 Eud.
530 3711 563 3759 10
583 3703 689 3774 ἔγραφε
709 3705 809 3776 λόγους
827 3703 1039 3776 πανηγυρικοίς
1056 3707 1105 3761 καί
1124 3713 1182 3778 μελ.
1197 3708 1272 3763 Eud.

202 3784 333 3841 CCXClll
351 3784 426 3838 Eud.
442 3803 468 3853 p.
480 3791 539 3841 289.
569 3785 685 3842 Tractat
704 3787 805 3842 Muller
823 3787 861 3842 IV
880 3793 907 3858 p.
923 3793 939 3840 3
991 3794 1023 3841 12
1045 3787 1272 3858 srchueologicm

129 3866 248 3921 fortasse
263 3865 360 3919 laudat
371 3864 466 3933 Steph.
478 3865 540 3934 Byr.
551 3884 576 3920 v.
588 3867 805 3923 Παντικάπαιον
824 3898 826 3902 -
844 3875 876 3922 13
891 3869 995 3923 λοιπῶν
1007 3872 1126 3938 suspect.
1138 3870 1272 3925 Wecterm.

201 3945 332 4000 CCXClV
358 3945 452 4000 Vitam
470 3944 620 4002 Euschemi
639 3948 741 4006 scidae
760 3951 856 4005 deberi
875 3949 1025 4004 verisimile
1052 3952 1169 4021 decepto
1193 3951 1273 4006 libris

130 4027 314 4082 deterioribus
334 4027 435 4098 All-reu..
450 4026 514 4080 Xlll
529 4046 555 4097 p.
571 4033 636 4097 571,
655 4032 704 4086 ubi
723 4031 757 4086 de
776 4035 861 4102 potita
875 4029 1006 4101 Ephippo
1021 4030 1123 4100 agitur.
1147 4031 1273 4087 Correxit

131 4111 310 4165 Casuubonu's
330 4108 366 4163 ad
384 4109 486 4165 Athen.
507 4109 571 4163 Vlll
590 4128 617 4179 p.
636 4117 687 4166 363

200 4188 316 4244 CCXCV
336 4205 390 4243 om.
407 4188 543 4243 ll'esterm.
577 4190 707 4247 Trsctuvi
722 4192 792 4250 Mus.
808 4193 896 4248 Rhen.
911 4192 1026 4247 XXXVI
1041 4194 1059 4251 1,
1075 4211 1098 4248 c.
1162 4200 1193 4248 ll
1214 4190 1271 4248 ἐπι-

128 4271 212 4339 τίμοις
230 4271 303 4324 vetts
317 4270 379 4325 edd.
399 4286 433 4323 ox
451 4269 512 4323 Par.
533 4287 602 4326 corr.
618 4272 755 4330 Καρίωνα
810 4273 915 4343 ἔγραψε
936 4275 984 4329 καλ
1002 4271 1072 4329 ἄλλα
1089 4280 1112 4328 Δ
1130 4276 1196 4345 post
1215 4273 1271 4343 ἕγρ.

127 4350 360 4421 intorpuuxerunt
378 4350 440 4404 edd.
502 4351 550 4404 καὶ
569 4348 639 4408 ἄλλα
657 4371 712 4412 om.
730 4360 761 4425 V,
780 4355 815 4412 cf.
835 4371 905 4423 quoe
924 4355 996 4411 dixit
1013 4356 1132 4425 Teuffel,
1152 4355 1206 4411 Lit.
1225 4357 1272 4410 lt.³

129 4437 228 4500 5415,
247 4440 264 4487 3
283 4433 346 4489 coll
366 4433 497 4488 Priscian.
516 4432 542 4501 Ι,
561 4441 578 4490 8

91 4518 94 4523 ’
200 4512 332 4570 ccxcvl
351 4515 426 4570 Eud.
441 4533 467 4587 p.
479 4521 539 4572 292.
559 4515 702 4587 welches,
717 4517 763 4573 Gr.
774 4519 858 4589 Trog.
867 4537 894 4591 p.
906 4525 956 4574 967
1016 4523 1048 4573 18
1060 4514 1114 4575 Ἀθ.
1130 4534 1184 4574 om.
1195 4518 1270 4576 Eud.
