3036 5114
237 310 276 372 16
695 312 907 368 HESYCHIUS.

48 562 51 567 Ι
323 471 406 538 LIX.
441 466 669 557 Ἀντίμαχος
701 474 821 558 ἕτερος,
845 470 1074 559 Ἡλιοπολίτης
1103 471 1160 541 ἄπ’
1191 474 1376 562 Αἰγύπτου,

121 600 124 605 ·
166 600 173 612 “
230 572 268 654 ὃς
292 580 414 663 ἔγραφε
438 584 657 664 κοσμοποιίαν
682 581 718 647 ἐν
742 585 854 648 ἔπεσιν
878 579 1036 668 ἡρωικοῖς
1054 580 1120 666 γιβ.

35 680 39 689 ’
319 685 384 753 LX.
423 681 675 775 Ἀντίπατρος
698 685 845 772 Ἰολάου,
879 687 1005 768 πόλεως
1033 687 1070 756 δὲ
1098 691 1292 778 Παλιούρας
1318 695 1377 777 τῆς

78 868 81 873 ¹
165 857 171 869 ,
230 794 457 876 Μακεδονίας,
480 790 663 879 στρατηγός
688 799 867 879 Φιλίππου,
891 793 960 862 εἶτα
981 793 1212 881 Ἀλεξάνδρου,
1231 797 1286 863 καλ
1305 797 1376 864 διά·
1395 843 1403 872 s
1425 866 1439 873 ,,

17 928 81 965 ,·«..·--
137 944 151 963 f
202 901 522 985 bioxogllautielag3
541 898 694 986 μαθητής
710 897 964 988 Ἀριστοτέλους.
998 901 1171 969 κατέλιπεν
1190 903 1374 972 ἐπιστολῶν

229 1003 427 1092 σύγγραμμα
455 1008 491 1073 ἐν
519 1011 662 1092 βιβλίοις
689 1012 782 1094 δυσί,
816 1008 871 1075 καὶ
900 1011 1066 1094 ίστορίαν,
1098 1006 1156 1088 τὰς
1184 1013 1376 1097 Περδίκκου

198 1113 360 1198 ’πράξεις
385 1110 576 1200 Ἰλλυρικάς.
620 1115 675 1181 καὶ
704 1114 921 1204 ἐπετρόπευσε
948 1113 1010 1201 μὲν
1037 1115 1099 1182 τὸν
1126 1113 1203 1184 υίὸν
1224 1115 1373 1199 Ἀλεξάν-

228 1221 313 1305 δρου
336 1218 396 1287 τὸν
415 1216 577 1306 Ἡρακλέα
604 1220 786 1306 κληθέντα,
815 1219 918 1307 μόνος
947 1219 984 1288 δὲ
1006 1223 1074 1288 τῶν
1098 1222 1266 1310 διαδόχων
1290 1223 1375 1293 θεὸν

191 1309 205 1396 i
227 1327 362 1394 καλέσαι
384 1323 603 1412 Ἀλέξανδρον
628 1324 689 1413 οὐχ
713 1330 832 1413 εἵλετο,
860 1325 977 1414 ιἰσεβές
1003 1332 1102 1397 τοῦτο
1125 1335 1250 1416 κρίνας.
1297 1335 1376 1418 ἐβίω

190 1450 214 1488 ¹⁰
229 1432 265 1499 δέ
289 1437 344 1519 ἐτη
369 1432 435 1518 σθ’,
457 1434 513 1500 καὶ
535 1436 708 1502 κατέλιπεν
730 1435 808 1502 υἱὸν
830 1436 885 1503 καὶ
909 1435 1068 1522 διάδοχον
1087 1434 1294 1524 Κάσανδρον
1314 1438 1376 1507 τὸν

227 1537 288 1626 τήν
312 1542 436 1627 μητέρα
456 1538 676 1628 Ἀλεξάγδρου
699 1539 862 1610 ἀνελόντα
882 1540 1095 1629 Ὀλυμπιάδα.

315 1649 397 1714 LXI.
431 1644 686 1736 Ἀντισθένης
707 1646 900 1736 Ἀθηναῖος,
924 1647 989 1718 άπὸ
1012 1648 1166 1737 ῥητόρων
1189 1652 1377 1739 φιλόσοφος

229 1752 461 1841 Σωκρατικός,
486 1751 577 1834 ὅστις
604 1755 867 1843 Περιπατητικὸς
891 1754 1015 1843 ἐκλήθη
1039 1760 1187 1844 πρῶτον,
1211 1755 1280 1825 εἶτα
1302 1758 1376 1849 ἐκό-

229 1882 338 1949 νισεν,
368 1859 443 1940 υίὸς
471 1860 507 1928 δέ
536 1857 584 1930 ῶν
613 1860 795 1949 ὁμωνύμου
822 1862 963 1949 πατρός,
994 1862 1117 1950 μητρός
1145 1863 1182 1931 δὲ
1211 1862 1247 1934 τὸ
1278 1868 1376 1951 γένος

119 1966 138 2002 ”
190 1984 214 2023 1⁵
228 1966 390 2058 Θρήσσης.
436 1959 534 2048 οὗτος
563 1971 751 2057 συνέγραφε
777 1969 901 2065 τόμους
929 1972 1025 2056 δέκα,
1052 1974 1185 2057 πρῶτον
1216 1971 1374 2058 μαγικόν·

227 2073 404 2163 άφηγεῖται
437 2076 474 2143 δέ
502 2077 577 2163 περὶ
602 2075 825 2164 Ζωροάστρου
855 2074 946 2155 τινὸς
972 2075 1088 2163 ’μάγου
1121 2074 1279 2162 εὑρόντος
1310 2077 1373 2165 τήν

194 2216 200 2235 1
228 2189 361 2271 σοφίαν.
411 2188 509 2252 τοῦτο
545 2186 584 2253 δέ
615 2211 703 2263 τινες
731 2182 961 2272 Ἀριστοτέλει,
994 2186 1029 2251 οἱ
1062 2183 1099 2251 δέ
1128 2180 1268 2252 Ῥόδωνι
1296 2182 1376 2252 άνα-

199 2276 391 2359 ἷτιθέοσιν.
429 2282 526 2371 οὗτος
549 2282 611 2359 οὖν
635 2291 690 2358 καὶ
713 2294 771 2377 τῆς
793 2295 931 2376 κυνικῆς
952 2289 1135 2377 κατήρξατο
1160 2296 1374 2377 φιλοσοφίας,

227 2395 299 2484 ἥτις
323 2396 428 2479 οὕτως
451 2400 576 2486 ἐκλήθη
599 2397 655 2465 διὰ
677 2396 714 2465 τὸ
736 2399 773 2465 ἐν
792 2395 1006 2483 Κυνοσάργει
1025 2401 1069 2487 τῷ
1089 2403 1263 2488 γυμνασίῳ
1283 2399 1375 2465 διδά·

189 2520 215 2560 20
230 2507 293 2585 ξαι
310 2503 422 2574 αὐτόν.
467 2506 522 2572 καὶ
547 2506 734 2591 Διογένους
763 2504 800 2571 δέ
823 2502 1016 2590 καθηγητὴς
1037 2505 1153 2591 γέγονε
1176 2509 1237 2573 τοῦ
1261 2505 1375 2585 Κυνὸς

228 2612 283 2679 καὶ
306 2615 374 2681 τῶν
396 2617 531 2681 λοιπῶν.

319 2722 417 2788 LXII.
452 2718 686 2807 Ἀντιφάνης
715 2716 893 2805 Ἀθηναῖος
924 2718 1083 2806 κωμικός,
1120 2717 1281 2807 νεῶτερος
1311 2723 1373 2787 τοῦ

300 2945 361 2997 LIX
383 2946 458 3000 Eud.
477 2963 504 3014 p.
526 2948 575 2996 103
664 2937 871 3010 1Ἡλοπολίτης
889 2947 912 2994 Δ
996 2948 1012 2995 2
1036 2939 1375 3012 γφὀο1.Ειιά.τρισχι-

229 3028 298 3087 λιόις
317 3021 493 3086 ἑπτακοσίοις
512 3028 535 3075 Δ
553 3023 583 3077 ut
600 3026 721 3074 Vatiuuu.
740 3028 864 3076 rumoni
883 3020 961 3076 ἔπεσι
980 3027 1174 3090 ποιητικοῖςΕ

300 3103 348 3156 Lx
367 3106 443 3158 σοι.
462 3123 489 3174 p.
509 3107 552 3159 οι.
589 3101 630 3156 cf.
648 3102 750 3156 Muller
769 3102 794 3154 11
812 3121 839 3171 p.
860 3107 912 3156 338
984 3097 1120 3157 οἰόιιου
1139 3103 1209 3157 coni.
1230 3103 1336 3157 Μαιια

230 3187 420 3253 Παλαιοτρίου
440 3184 501 3239 coll.
522 3183 600 3238 plin.»
613 3183 675 3238 hist.
691 3185 748 3237 nal.
764 3183 810 3251 lV,
825 3189 858 3237 37
874 3182 917 3236 vel
936 3182 1031 3252 potius
1045 3183 1203 3244 Ποτιδαίας
1220 3185 1253 3243 αλ,
1270 3183 1299 3237 et
1311 3184 1374 3238 lou·

228 3267 284 3321 sius
307 3266 371 3320 hist.
396 3264 464 3334 phil.
483 3283 510 3334 p.
531 3270 577 3333 70,
601 3280 663 3318 cum
687 3262 816 3317 Reineuio
835 3261 937 3316 Muller
958 3261 1008 3317 sed
1030 3261 1219 3317 Palaeotrium
1243 3261 1373 3316 vitiosam

229 3346 305 3416 apud
319 3345 441 3399 Plinium
459 3345 608 3399 lectionem
628 3361 685 3399 esse
700 3343 908 3413 (Ρολαιλιονίκικ
922 3342 1017 3409 Ianus,
1032 3340 1189 3409 Detlefuuu‚
1209 3341 1374 3396 Ραλιλιοτιιιιι

229 3426 348 3496 (codices
366 3443 384 3480 a
403 3424 514 3495 Silligio
532 3424 706 3493 perlustrati)
725 3421 945 3490 Potidaeamque
968 3421 1062 3477 futtile
1085 3423 1229 3476 invenlum
1251 3438 1311 3476 esse
1330 3439 1375 3476 mu

229 3507 325 3562 docuit
344 3506 516 3571 Gulschmid,
540 3504 588 3574 qui
609 3504 644 3558 de
662 3502 765 3573 oppido
784 3519 802 3555 u
819 3501 909 3556 Plinio
928 3500 957 3554 in
976 3504 1071 3556 moute
1089 3502 1199 3556 Athone
1218 3504 1372 3556 memorato

228 3586 274 3640 hie
293 3586 340 3654 agi
359 3603 521 3654 persuasum
540 3585 627 3639 habet
679 3590 697 3637 4
716 3601 806 3651 στρατ.
828 3584 884 3635 Φιλ.
904 3580 953 3634 καλ
972 3576 1105 3650 διάδοχος
1118 3581 1204 3647 Eud„
1223 3597 1295 3650 quae
1309 3584 1374 3650 post

227 3652 424 3734 Ἀριστοτέλους
451 3665 544 3735 pergit
572 3662 696 3733 ἔγραψεν
712 3659 852 3729 ’ἱστορίαν
884 3661 933 3714 καλ
960 3656 1126 3730 σύγγραμμα
1159 3656 1312 3714 ἐπιστολῶν
1343 3656 1374 3715 ἐν

230 3747 346 3818 βιβλίοις
370 3747 457 3800 εἴκοσι
481 3745 529 3799 rel.
554 3744 669 3799 omissis.
707 3743 747 3797 ef.
767 3742 876 3796 λίσσετο.
898 3759 925 3809 p.
946 3747 980 3795 44
999 3744 1028 3795 et
1048 3739 1141 3809 Daub,
1165 3741 1199 3795 de
1218 3740 1290 3795 Viol.
1310 3759 1336 3810 p.
1359 3747 1373 3794 'l

230 3832 245 3880 ‘l
265 3821 372 3895 πράξας
391 3831 413 3877 Α
450 3826 498 3879 καὶ
518 3819 705 3893 ἐπετρόπευσε
726 3839 782 3890 seq.
802 3821 920 3875 fortasse
939 3821 1077 3889 posterius
1095 3820 1193 3875 addila
1256 3827 1272 3875 8
1292 3816 1375 3888 Ἡρα·
1397 3859 1400 3866 ,

229 3905 328 3968 κλέους
346 3912 377 3962 Α.
414 3904 584 3975 Hesychium
604 3904 738 3958 memoria
752 3900 852 3955 fulsum
867 3917 926 3954 esse
940 3903 1023 3970 putul
1037 3901 1212 3968 θυίοοίιυιίιλ,
1232 3916 1294 3954 cum
1309 3900 1373 3953 Alu-

230 3986 328 4041 xundri
347 3987 455 4053 fratris,
474 3984 598 4055 Philippi
616 3983 762 4051 Arhidaei,
783 3977 931 4048 ἐπίτροπος
949 3980 1033 4035 suerii

300 4066 361 4120 LXl
381 4065 420 4120 cf.
441 4065 520 4134 Diog.
540 4065 587 4132 Vl,
608 4071 621 4118 1
642 4083 698 4133 seq.
792 4068 822 4115 13
842 4057 1070 4129 ΣωκρατηκόςΔ
1163 4068 1194 4115 14
1219 4057 1324 4131 μητρός
1341 4059 1373 4115 δὲ

230 4163 283 4201 om.
303 4152 325 4198 A
401 4152 432 4199 17
448 4140 545 4215 Ῥοδίῳ
565 4146 635 4201 coni.
650 4142 830 4210 Bernhardy,
849 4140 911 4195 coll.
932 4139 1012 4209 Diog.
1032 4141 1085 4206 Vl,
1106 4149 1138 4197 19
1154 4138 1258 4196 Ῥόδων
1276 4146 1299 4193 Α

230 4234 264 4281 20
285 4222 417 4295 Διόγενες
431 4230 478 4277 ΑΒ
498 4243 570 4279 man.
586 4227 606 4281 l.
633 4224 728 4279 Verba
746 4222 876 4291 corrupta
895 4221 934 4275 uic
954 4237 1051 4276 sanare
1070 4223 1191 4277 lentavit
1208 4223 1375 4292 Bemharcly

230 4307 278 4361 καὶ
297 4305 433 4376 Διογένης
450 4304 482 4359 δὲ
503 4301 633 4375 μαθητής
650 4304 749 4374 γέγονε
769 4303 819 4358 τοῦ
833 4299 927 4363 Κυνός
946 4301 994 4354 καὶ
1013 4302 1069 4355 τῶν
1090 4303 1195 4355 λοιπῶν
1210 4301 1374 4370 (στωικῶνλ)

231 4387 328 4456 Ζήνων
399 4394 432 4441 21
457 4384 590 4441 nonnulla
608 4385 671 4439 add.
692 4384 792 4438 Suidae
811 4399 845 4435 ux
869 4381 965 4435 lulian.
985 4394 1023 4435 or.
1043 4382 1079 4434 lV
1100 4400 1128 4450 p.
1150 4387 1198 4435 181
1220 4384 1374 4452 compilata

302 4468 375 4521 ΙιΧΠ
396 4468 468 4523 llud.
484 4485 511 4536 p.
528 4472 578 4519 104
592 4467 681 4520 lolam
696 4465 782 4518 vitum
798 4482 851 4519 om.
868 4464 1005 4518 ll'eslerm.
1030 4461 1127 4516 Scatel
1142 4462 1275 4516 articulus
1290 4461 1375 4531 viliis,
