3036 5114
256 307 318 372 108
722 312 934 369 HXSYOHIUS.

181 537 190 551 f
253 473 351 537 δίκον
373 473 435 537 τοῦ
457 475 696 559 Σηλυβριανοῦ
718 475 773 540 καὶ
798 479 945 560 Γοργίου
967 479 1029 542 τού
1047 479 1233 544 Λεοντίνου
1256 473 1399 562 ῥήτορος
1418 503 1480 551 εει,

252 575 308 643 καὶ
340 580 549 663 φιλοσόφου,
581 577 627 659 ὡς
659 582 698 647 δέ
726 608 829 665 τινες,
864 587 1079 669 Δημοκρίτου
1109 586 1170 651 τοῦ
1199 580 1399 669 Ἀβδηρίτου

253 685 437 769 (ἐπιβαλεῖν
460 685 522 772 γάρ
547 684 651 754 αὐτὸν
674 690 755 755 νέον
774 688 969 778 πρεσβύτῃ),
993 687 1038 768 ὡς
1056 691 1095 757 δέ
1111 715 1209 771 τινες,
1231 691 1285 758 καὶ
1305 696 1398 779 Προ-

255 793 362 859 δίκου.
411 793 557 879 διέτριψε
589 793 627 861 δὲ
659 795 696 862 ἐν
730 799 941 885 Μακεδονίᾳ,
974 801 1071 882 φίλος
1104 792 1152 864 ω”ν
1185 795 1319 882 σφόδρα
1349 801 1397 888 τῷ

227 904 386 983 εβασιλεῖ
407 902 585 989 Περδίκκᾳ.
620 905 741 981 παῖδας
765 901 801 969 δὲ
828 900 916 988 σχων
943 901 1016 987 δύο,
1040 904 1211 973 Θέσσαλον
1229 905 1284 971 καὶ
1305 903 1397 989 Δρά-

252 1032 365 1092 κοντα,
388 1007 584 1093 κατέστρεψε
607 1009 667 1076 τὸν
690 1015 767 1094 βίον
792 1010 954 1077 ἐνιαυτῶν
977 1009 1124 1096 γεγονώς
1143 1009 1176 1077 δ’
1201 1011 1254 1078 καὶ
1275 1010 1320 1095 ρ’,
1340 1011 1397 1079 καί

251 1115 412 1181 τέθαπται
443 1114 479 1180 έν
510 1119 659 1203 Λαρίσσῃ
687 1119 746 1200 τῆς
772 1121 958 1196 Θετταλίας.
1010 1118 1060 1201 [ἐν
1091 1116 1128 1184 δὲ
1155 1131 1227 1197 ταῖς
1254 1117 1396 1187 Είκόσιν

253 1225 430 1309 ἱστορεῖται
464 1219 501 1288 τὸ
536 1221 669 1308 ίμάτιον
699 1222 752 1290 ἐπὶ
779 1220 840 1309 τὴν
869 1221 1018 1310 κεφαλὴν
1045 1220 1315 1311 ἀναβεβλημένος
1341 1225 1397 1293 καὶ

252 1328 464 1416 σκεπόμενος,
487 1324 508 1416 ἡ
533 1326 583 1397 ότι
606 1333 705 1396 τοῦτο
730 1335 809 1408 ἔθος
832 1320 875 1416 ἡν
899 1329 998 1423 αὐτῷ,
1022 1326 1042 1417 ἡ
1067 1329 1122 1400 διά
1147 1329 1184 1399 τὸ
1208 1330 1396 1418 φιλαπόδη·

214 1456 238 1495 1⁰
252 1463 332 1523 μον,
361 1431 381 1522 ἡ
406 1433 443 1503 τὸ
468 1440 557 1503 ῖδιον
581 1437 617 1503 έν
640 1450 712 1516 ταῖς
735 1444 966 1523 χειρουργίαις.
1013 1429 1110 1517 οὗτος
1133 1443 1255 1525 ἔγραψε
1278 1438 1398 1522 πολλά,

250 1543 306 1610 καὶ
331 1545 433 1622 πᾶσιν
455 1544 583 1629 ἐγένετο
604 1543 774 1629 διάδηλος,
799 1541 956 1613 ὥστεκαὶ
975 1543 1034 1612 τὸν
1053 1549 1121 1613 τῶν
1141 1549 1283 1629 Περσων
1302 1552 1396 1631 βασι-

251 1651 324 1734 λέα,
347 1649 407 1717 τὸν
425 1649 636 1738 καλούμενον
656 1649 881 1737 Ἀρταξέρξην,
904 1652 1031 1737 γράψαι
1051 1651 1133 1739 πρὸς
1151 1649 1315 1739 Ἳδστάνην
1338 1657 1398 1740 τῆς

249 1761 310 1826 τοῦ
346 1754 474 1842 ἀνδρὸς
509 1763 630 1845 σοφίας
670 1757 841 1844 δεόμενον.
897 1757 1067 1844 <βασιλεὺς
1098 1759 1264 1844 βασιλέων
1295 1762 1398 1847 μέγας

247 1863 457 1952 Ἀρταξέρξης
483 1861 623 1953 Ὑστάνη
651 1862 899 1950 Ἑλλησπόντου
930 1863 1067 1955 ὑπάρχῳ
1101 1869 1238 1952 χαίρειν.
1286 1865 1396 1937 Ἱππο-

210 1991 235 2031 1⁵
249 1972 392 2057 κράτους
425 1977 541 2059 ἰητροῦ
570 1972 689 2064 Κηίου,
722 1970 786 2040 ἀπὸ
814 1970 1012 2058 Ἀσκληπιοῦ
1039 1972 1232 2059 γεγονότος,
1264 1981 1312 2055 εἰς
1339 1975 1397 2063 ἐμὲ

247 2082 342 2160 κλέος
373 2076 510 2167 ἀφῖκται
540 2082 665 2167 τέχνης.
720 2079 779 2159 δὸς
812 2073 875 2147 οὖν
908 2076 997 2171 αύτῷ
1031 2078 1158 2166 χρυσὸν
1191 2077 1318 2150 ὁπόσον
1351 2078 1396 2150 ἀν

249 2189 423 2275 βούληται,
456 2189 512 2255 καὶ
543 2179 646 2254 τάλλα
678 2186 786 2274 χύδην
818 2178 867 2255 ὧν
898 2191 1062 2271 σπανίζει,
1093 2187 1147 2254 καὶ
1178 2188 1283 2275 πέμπε
1311 2188 1397 2273 πρὸς

249 2293 363 2382 ἡμέας·
392 2300 481 2362 ἔσται
512 2292 575 2379 γάρ
600 2293 749 2380 ἰσότιμος
773 2294 932 2377 Περσέων
956 2306 1043 2360 τοῖσι
1068 2291 1241 2380 ἀρίστοισι.
1286 2297 1341 2363 καί
1365 2304 1400 2364 εί

248 2429 297 2483 τις
315 2401 416 2482 ἀλλος
434 2402 524 2470 ἐστὶν
543 2397 630 2487 ἀνὴρ
649 2397 721 2469 κατ’
739 2399 906 2488 Εὐρώπην
926 2397 1065 2489 ἀγαθός,
1083 2407 1185 2487 φίλον
1204 2410 1284 2494 οῖκφ
1301 2409 1397 2490 βασι-

208 2529 234 2569 ²0
248 2511 330 2590 λέως
352 2516 468 2578 τίθεσο
491 2509 536 2597 μὴ
559 2509 759 2597 φειδόμενος
783 2507 900 2594 ὄλβου·
923 2505 1049 2594 ἀνδρας
1074 2507 1138 2595 γάρ
1162 2507 1274 2594 εὑρεῖν
1293 2514 1396 2579 δυνα·

248 2619 372 2706 μένους
403 2645 434 2687 τι
465 2616 547 2686 κατά
577 2621 786 2704 συμβουλίην
812 2605 859 2684 ὀύ
890 2615 1020 2705 ῥᾴδιον.
1071 2619 1220 2702 ἔρρωσό.
1271 2621 1308 2684 αι’
1333 2617 1396 2705 μέν

249 2718 311 2794 οὖν
338 2740 517 2813 γραφεῖσαι
544 2724 624 2813 παρ’
645 2723 884 2810 Ἱπποκράτους
912 2729 1023 2810 βίβλοι
1046 2727 1127 2790 πάσι
1150 2738 1220 2804 τοῖς
1243 2750 1396 2812 μετερχο-

248 2835 363 2923 μένοις
392 2831 454 2915 τὴν
487 2839 638 2921 ἰατρικην
669 2830 852 2918 ἐπιστήμην
888 2835 1039 2918 ἔκδηλοι,
1072 2832 1127 2898 καί
1158 2830 1264 2912 οὕτως
1292 2829 1397 2912 αάτάς

247 2940 509 3023 κατασπάζονται
538 2938 582 3020 ὡς
607 2942 693 3008 θεοῦ
721 2937 837 3025 φωνὰς
864 2940 919 3007 καὶ
944 2937 1006 3007 ούκ
1029 2937 1252 3024 ἀνθρωπίνου
1273 2946 1393 3025 προελ-

208 3046 378 3126 ιτθούσας
405 3048 440 3114 έκ
468 3047 642 3133 στόματος·
669 3030 756 3132 πλὴν
783 3049 851 3115 τῶν
881 3048 918 3114 έν
945 3045 1089 3133 πρώτοις
1116 3048 1171 3114 καὶ
1194 3043 1289 3132 ἡμεῖς
1311 3043 1393 3114 ἀπο-

248 3152 554 3240 μνημονεύσωμεν.]
600 3151 713 3238 πρύτη
740 3151 802 3239 μέν
825 3144 887 3219 οὖν
911 3158 1026 3237 βίβλος
1048 3149 1069 3239 ἡ
1092 3152 1153 3220 τόν
1177 3150 1279 3240 ὅρκον
1302 3175 1394 3237 περι-

249 3261 385 3347 έχουσα,
414 3261 550 3347 δευτέρα
579 3260 616 3328 δέ
643 3257 663 3345 ἡ
689 3257 747 3338 τάς
769 3258 975 3344 προγνώσεις
999 3261 1225 3346 ἐμφαίνουσα,
1252 3262 1346 3345 τρίτη
1371 3255 1391 3345 ἡ

248 3370 316 3435 των
338 3363 549 3453 ἀφορισμῶν,
572 3364 796 3452 ἀνθρωπίνην
819 3362 1068 3451 ὑπερβαίνουσα
1087 3365 1234 3434 σύνεσιν.
1280 3364 1394 3452 τετάρ-

237 3500 309 3573 την
337 3475 431 3555 τάξιν
459 3476 557 3562 ἐχέτω
585 3471 605 3560 ἡ
633 3470 887 3558 πολυθρύλητος
914 3472 970 3539 καὶ
998 3472 1280 3560 πολυθαύμαστος
1301 3470 1393 3558 Ἐξη-

322 3688 334 3735 1
357 3682 408 3736 τοῦ
428 3686 525 3735 Λεοντ.
545 3698 598 3735 om.
619 3679 694 3734 Eud.
785 3683 801 3731 3
821 3671 966 3750 ἐπιβαλεῖν
987 3710 1019 3718 -
1038 3681 1134 3752 πρεσβ.
1154 3696 1208 3734 om.
1228 3679 1303 3733 Eud.

249 3758 315 3814 νέον
338 3757 479 3831 πρεσβύτη
499 3777 568 3815 corr.
587 3760 724 3813 Καεῖειαε
748 3757 804 3827 νέῳ
823 3755 982 3828 πρεσβύτην
999 3759 1065 3813 libri
1156 3766 1170 3814 7
1190 3776 1247 3827 τερ.
1266 3758 1337 3812 haec
1361 3775 1395 3813 ex

250 3839 349 3894 Sorani
378 3840 437 3895 vita
463 3840 596 3910 Hippoor.
625 3838 742 3906 aliisque
770 3837 895 3892 fontibus
928 3839 1119 3895 contaminata
1146 3856 1206 3895 esse
1237 3839 1295 3895 dixi
1322 3839 1394 3895 Mus.

249 3919 336 3973 Rhen.
357 3920 474 3974 XXXIV
493 3939 518 3990 p.
539 3926 603 3986 213,
628 3921 702 3973 certe
723 3915 754 3971 ἐν
777 3916 808 3971 δέ
833 3925 945 3980 ταῖς-
966 3915 1101 3990 στόματος
1124 3921 1169 3988 (cf.
1191 3920 1396 3987 wemmam,

250 3999 341 4069 Biogr.
362 4020 388 4069 p.
408 4007 473 4066 415;
503 3999 622 4070 epistola
646 3999 723 4053 extat
745 3997 773 4051 in
797 3997 928 4067 Hippocr.
950 3998 989 4052 111
1012 4018 1039 4068 p.
1061 4006 1113 4055 272
1135 3998 1249 4068 Kfihn.);
1275 3999 1394 4054 fortasse

250 4078 333 4134 etiam
355 4080 412 4134 alia
430 4081 531 4134 Suidae
555 4080 703 4147 debentur,
730 4078 807 4132 velut
825 4078 872 4131 καὶ
893 4079 1035 4147 Προδίκου
1062 4081 1092 4133 et
1114 4077 1239 4147 διέτριψε
1264 4097 1319 4148 seq.
1346 4080 1394 4147 (ef.

250 4161 397 4217 Wesferm.
416 4179 442 4229 p.
458 4167 510 4214 450
529 4163 559 4214 et
576 4162 639 4228 452)
659 4162 689 4215 et
708 4180 727 4215 s.
747 4162 792 4214 fin.
812 4160 946 4215 librorum
964 4160 1062 4215 tabula
1135 4167 1166 4213 11
1187 4161 1235 4213 καῖ
1253 4160 1339 4215 πᾶσιν
1358 4191 1394 4200 -

250 4240 365 4314 βασιλέα
385 4259 438 4295 om.
453 4246 476 4292 V
550 4246 582 4293 14
597 4235 726 4295 Ὗστάνει
746 4241 833 4308 Ηίμμ.
849 4235 981 4294 Ὗστάναι
1001 4241 1046 4294 vel
1065 4260 1094 4311 η
1114 4239 1178 4293 libri
1243 4244 1276 4293 15
1295 4238 1345 4293 καί
1365 4236 1395 4303 ἐς

253 4319 301 4393 ἐμὲ
321 4320 401 4384 κλέος
419 4314 470 4388 ἀφ.
490 4319 539 4387 τῆς
557 4317 657 4388 τέχνης
675 4352 707 4360 -
728 4316 831 4374 ὁκόσον
847 4352 878 4358 -
893 4317 928 4373 τά
947 4316 1016 4374 ἀλλα
1036 4352 1069 4360 -
1089 4315 1118 4381 ἐς
1136 4315 1225 4388 ἡμέας
1244 4319 1332 4388 Hipp.

254 4409 285 4458 18
304 4408 393 4458 τοῖσιν
409 4399 563 4471 ἀρίστοισιν
577 4403 626 4452 ΔΕ
645 4407 703 4464 τοῖς
717 4396 841 4470 ἀρίστοις
855 4432 887 4440 -
904 4398 978 4455 ἔστιν
996 4396 1079 4462 ἀλλος
1095 4400 1183 4468 Ηίμμ.
1244 4405 1279 4454 28
1298 4398 1395 4468 τετάρ-

251 4503 298 4553 τη,
317 4480 397 4550 τάξιν
415 4483 486 4553 ναίμ.
502 4479 578 4535 Eud.
