3036 5114
232 320 254 377 L
662 317 945 383 PROLEGOMENA.

227 480 440 569 Ἱεροννοιίαις
468 486 562 574 (quas
591 511 655 555 nou
687 490 829 559 diversas
853 515 922 558 esse
946 516 965 558 a
988 492 1072 558 libro
1095 489 1171 576 περὶ
1194 493 1261 558 τάν
1282 486 1378 576 Ἀθή-

232 612 310 680 νησι
329 596 463 661 θυσιῶν
479 597 660 681 suspicatus
680 603 730 663 est
744 598 876 686 Muller)
895 604 1051 665 tractasse
1066 599 1241 665 Homerum
1260 599 1379 664 Home·

233 703 324 787 rique
357 704 470 767 affines
501 709 698 790 nepotesque
729 705 821 772 docet
848 705 1041 792 Harpocrat.
1072 730 1099 772 v.
1123 701 1296 791 Ὁμηρίδαι
1325 703 1378 793 (cf.

232 808 351 875 Mulier
373 809 420 875 IV
445 835 475 896 p.
499 811 589 897 370).
635 812 759 878 Eodem
788 817 893 878 autem
919 815 989 879 loco
1013 813 1111 879 etiam
1135 814 1174 879 de
1198 815 1271 878 aliis
1295 813 1378 878 auti·

234 918 305 1002 quis
339 921 444 1002 poetis
473 929 646 1006 eorumque
674 921 782 1004 patria
810 943 882 985 eum
912 920 1095 1004 disputasse
1122 920 1291 1005 probabile
1319 922 1378 983 est.

233 1024 346 1110 ltaque
376 1025 436 1091 hoc
465 1049 591 1113 quoque
619 1028 837 1113 fragmentum
864 1028 900 1092 in
927 1027 1058 1093 Mulleri
1086 1029 1275 1094 collectione
1303 1026 1378 1091 addi

231 1153 363 1198 necesse
387 1139 446 1201 est.
482 1132 548 1199 Alii
568 1157 653 1219 vero,
679 1135 768 1199 velut
782 1134 997 1200 Wachsmuth
1017 1136 1055 1201 de
1075 1135 1162 1202 Crat.
1182 1135 1269 1199 Mall.
1289 1157 1319 1218 p.
1334 1133 1375 1198 31

231 1236 394 1304 Oratetem
425 1239 597 1307 Mallotam
627 1247 739 1308 nostro
772 1244 842 1307 loco
873 1242 1019 1328 intellegi
1052 1244 1249 1323 maluerunt,
1282 1262 1378 1324 quem

108 1363 114 1373 ·
180 1389 188 1402 -
232 1347 266 1411 in
296 1349 537 1414 commentariis
567 1350 704 1416 fortasse
733 1350 780 1415 vel
812 1351 846 1415 in
874 1351 1115 1415 recensionibus
1144 1350 1182 1414 de
1210 1349 1378 1412 Alcmanis

231 1454 339 1537 patria
361 1460 394 1519 ct
417 1456 554 1521 dialecto
578 1457 760 1541 disputasse
783 1457 936 1523 iudicant.
974 1458 1077 1535 Quam
1096 1479 1164 1522 rem
1184 1455 1258 1521 inde
1278 1455 1377 1539 potis·

232 1561 348 1626 simum
371 1563 502 1646 probari
526 1563 695 1648 colligunt,
720 1565 804 1648 quod
830 1586 911 1628 unus
935 1562 1048 1629 Crates
1072 1562 1223 1628 Mallotes
1251 1567 1377 1628 tantam

231 1673 345 1733 nactus
369 1669 468 1735 fucrit
490 1671 641 1756 gloriam,
665 1677 703 1736 ut
725 1670 885 1736 demotico
909 1693 975 1736 nou
994 1670 1118 1735 adiecto
1139 1670 1209 1754 quis
1230 1673 1315 1733 essct
1335 1669 1375 1732 ab

232 1776 380 1842 omuibus
413 1779 534 1862 pariter
565 1780 815 1864 intellegeretur.
868 1779 913 1842 At
944 1778 1006 1843 hoc
1039 1779 1266 1863 argumentum
1299 1796 1376 1859 prae

232 1886 458 1968 epitomatoris
482 1886 614 1951 levitate
639 1887 745 1951 minus
769 1886 877 1950 valere
901 1886 1062 1951 neminem
1086 1885 1180 1971 fugit.

148 2001 208 2082 §2
321 1999 361 2064 Iu
391 2001 710 2086 philosophorum
739 2002 814 2067 vitis
837 2001 1018 2087 Hesychius
1047 2024 1085 2066 ex
1114 2002 1168 2080 iis,
1199 2000 1254 2084 qui
1281 1998 1376 2063 nobis

233 2108 353 2172 servati
382 2113 470 2192 sunt,
498 2109 590 2174 libris
618 2109 766 2175 adhibuit
793 2108 989 2173 Laertium
1018 2107 1237 2193 Diogenem.
1285 2105 1379 2181 Quod

233 2216 318 2279 clare
352 2215 469 2281 docent
502 2215 545 2300 gl.
577 2209 762 2298 Εὐκλείδης
796 2215 867 2281 coll.
896 2215 993 2301 Diog.
1024 2214 1069 2300 ΙΙ,
1096 2215 1172 2298 106,
1198 2213 1274 2296 108,
1305 2214 1378 2296 112,

233 2318 433 2405 Καρνεάδης
455 2322 526 2387 coll.
546 2322 603 2405 IV,
622 2323 673 2406 64,
697 2319 877 2406 Κλεάνθης
896 2323 967 2387 coll.
988 2321 1060 2403 Vll,
1083 2323 1153 2404 168,
1171 2316 1379 2404 Ξενοκράτης

233 2429 304 2494 coll.
327 2428 384 2512 IV,
407 2431 426 2494 8
452 2431 598 2512 Σιμμίας
621 2429 691 2495 coll.
718 2428 760 2512 ΙΙ,
786 2430 858 2513 124,
882 2425 1098 2504 Σπεύσιππος
1120 2427 1192 2492 coll.
1215 2426 1277 2510 IV,
1303 2429 1318 2490 1
1345 2432 1379 2491 et

233 2537 268 2619 4,
300 2536 411 2618 Τίμων
435 2536 507 2601 coll.
529 2535 589 2620 IX,
622 2537 698 2619 109,
724 2539 834 2601 Χίλων
858 2537 931 2601 coll.
955 2536 984 2619 Ι,
1009 2536 1065 2618 72,
1088 2530 1283 2617 Χρύσιππος
1305 2534 1378 2598 coll.

234 2640 308 2726 VH,
339 2644 410 2727 119,
437 2644 630 2729 184-1863
655 2643 822 2708 dubitatur
845 2642 883 2707 de
907 2638 1071 2718 Πιττακός
1093 2642 1165 2706 coll.
1188 2642 1218 2724 Ι,
1243 2642 1285 2706 74
1304 2662 1378 2725 seq,

234 2751 458 2834 Περίανδρος,
483 2747 627 2817 Πλάτων
650 2751 689 2816 al.
731 2750 893 2816 Probatur
915 2755 1082 2835 praeterea
1100 2749 1186 2832 iude,
1210 2747 1294 2832 quod
1313 2768 1378 2810 non

234 2858 332 2923 verbo
356 2863 451 2924 tenus
470 2859 594 2923 fontem
614 2857 797 2943 suscripsit,
820 2857 852 2922 id
872 2857 957 2941 quod
977 2856 1116 2941 exempli
1135 2855 1243 2940 gratia
1261 2852 1377 2918 Suidas

189 2978 192 2984 ’
235 2989 261 3030 v.
279 2959 474 3048 Ἱππόβοτος
500 2965 577 3030 fecit
605 2965 677 3030 coll.
696 2964 842 3030 Prooem.
869 2964 918 3028 19.
959 2963 1125 3029 Laertium
1148 2963 1189 3027 ab
1214 2960 1378 3045 Hesycbio

233 3073 443 3157 compilatum
467 3094 536 3137 esse
559 3072 738 3158 praefracte
761 3072 894 3158 negavit
914 3071 1131 3137 Wilamowitz
1154 3067 1239 3152 apud
1259 3066 1378 3132 Maesa.

234 3179 345 3267 Biogr.
364 3204 393 3266 p.
412 3181 483 3265 148,
506 3181 544 3245 de
568 3181 657 3245 cuius
681 3181 807 3263 iudicio,
831 3202 903 3245 cum
927 3183 1129 3265 argumento,
1152 3180 1189 3241 ut
1212 3176 1304 3258 solet,
1327 3174 1377 3238 vel

233 3288 336 3372 nullo,
369 3289 420 3353 vel
448 3287 567 3353 ficticio
591 3291 715 3369 utatur,
747 3287 877 3352 uberius
906 3285 1071 3369 disputare
1100 3283 1257 3348 absonum
1286 3285 1344 3346 est.
1353 3280 1377 3367 ¹)

234 3392 384 3459 Ceterum
408 3395 492 3461 hanc
515 3395 739 3481 quaestionem
762 3394 800 3458 de
825 3392 982 3478 Hesycbii
1006 3395 1039 3457 et
1061 3390 1217 3476 Diogenis
1241 3389 1377 3455 necessi·

234 3501 346 3567 tudine
369 3501 410 3566 ab
435 3501 508 3566 aliis
527 3501 631 3568 denuo
655 3506 868 3567 retractatum
892 3501 932 3564 iri
955 3522 1058 3585 spero.

325 3628 370 3692 At
394 3627 521 3711 saepius
541 3627 671 3692 uberius
691 3626 823 3711 aliquod
841 3625 972 3690 Laertio
992 3623 1181 3708 opusculum
1200 3622 1378 3706 usurpavit,

235 3756 437 3800 communem
452 3734 553 3818 ipsius
569 3733 733 3799 etLaertii
748 3734 882 3815 fontem,
896 3753 958 3816 quo
975 3728 1064 3814 περὶ
1083 3724 1307 3814 ὁμωνύμων
1325 3729 1377 3813 agi

193 3849 196 3855 '
236 3844 359 3928 primus
383 3842 591 3927 sagacissime
615 3841 781 3925 perspexit
799 3840 834 3904 F.
848 3839 1030 3921 Nietzsche‚
1054 3837 1135 3903 Mus.
1150 3837 1254 3903 Rben.
1269 3834 1377 3901 XXIV

236 3973 265 4034 p.
280 3947 391 4033 227²),
418 3950 473 4014 sed
502 3949 597 4013 nimis
626 3947 779 4012 audacter
802 3947 1023 4031 quaestionem
1046 3946 1109 4010 hoc
1131 3943 1227 4010 modo
1251 3943 1378 4008 solvero

235 4095 447 4104 m·—

311 4178 335 4241 1)
358 4173 473 4229 Temere
492 4169 565 4225 enim
590 4168 688 4222 laudat
705 4168 792 4222 vitam
812 4164 976 4220 Xenocratis
996 4164 1032 4218 ab
1046 4161 1184 4232 Hesychio
1204 4160 1304 4215 melius
1322 4177 1377 4215 eer-

236 4256 331 4309 vatam
354 4270 438 4322 quam
462 4269 479 4304 a
502 4249 627 4317 Laertio,
650 4249 724 4317 quod
748 4264 831 4316 quam
855 4246 974 4301 absurde
997 4243 1169 4311 disputatum
1190 4241 1240 4308 sit,
1264 4241 1379 4295 vide-aut

237 4334 367 4387 lectores:
386 4331 459 4386 vitas
478 4329 552 4385 enirn
572 4347 627 4383 uon
646 4328 799 4397 inspexisse
819 4326 928 4382 videtur
952 4325 994 4379 vir
1014 4322 1199 4377 doctissimus.

307 4416 335 4480 2)
359 4412 511 4482 Diogenem
536 4410 677 4463 Laertiuur
702 4408 768 4464 olim
794 4407 1004 4477 locupletiorem
1028 4403 1112 4457 tuisse
1135 4401 1292 4470 suspicatus
1316 4419 1375 4455 sunr

239 4493 345 4548 Uulcrs.
361 4511 386 4562 p.
403 4496 437 4546 50
451 4508 517 4560 seq,
537 4490 612 4559 quod
631 4489 742 4544 etiarnsi
756 4489 829 4545 irlcm
844 4487 951 4542 iudicat
964 4486 1006 4541 vir
1020 4483 1197 4539 doctissimus
1211 4479 1377 4535 Valentinus
1503 4515 1509 4531 .
