3036 5114
620 322 833 378 HESYCIIIUS.
1227 334 1235 343 ‘
1254 320 1294 381 13

46 510 71 547 εν
150 510 217 553 που
238 489 299 553 τοῦ
319 483 530 569 Μακεδόνος,
554 482 736 570 ὀλυμπιάδι
756 481 817 570 ρη’.
861 486 983 569 ἔγραψε
1002 480 1040 548 δὲ
1064 479 1213 566 δράματα
1238 478 1296 561 ξε’,

150 594 281 678 ἐνίκησε
305 591 342 660 δὲ
365 591 401 660 ι’.
432 592 487 659 καὶ
510 594 639 680 πρῶτος
663 579 761 668 οὗτος
784 593 906 677 ἔρωτας
929 586 1187 675 καλπαρθίνων
1208 594 1296 674 mdo-
1324 618 1328 679 ξ

150 696 418 786 vividarii·

241 807 357 874 XLIV.
392 803 598 886 Ἀναξίλας
619 801 764 890 κωμικὸς
785 802 989 889 ποιητής...

238 913 337 979 XLV.
370 909 685 999 Ἀναξίμανδρος
702 907 967 996 Ἀναξιμάνδρου
987 907 1165 994 Μιλήσιος,
1183 904 1201 974 ὃ
1216 906 1323 975 νεά-5

46 1088 53 1113 ‚
80 1096 96 1111 ‚.
150 1042 254 1104 τερος,
285 1018 459 1105 ίστορικός.
504 1020 621 1106 γέγονε
650 1017 687 1086 δὲ
715 1015 797 1084 κατά
821 1016 900 1096 τοὺς
919 1014 1132 1100 Ἀρταξέρξου
1155 1014 1298 1102 χρόνους

152 1127 212 1191 τοῦ
240 1126 427 1212 Μνήμονος
454 1126 645 1212 κληθέντος.
694 1130 815 1212 ἔγραψε
844 1122 1023 1210 συμβόλων
1048 1128 1297 1210 Πυθαγορείων

152 1229 325 1318 ἐξήγησιν,
353 1226 428 1300 οἷόν
452 1234 520 1301 ἐστι
547 1231 585 1301 τὸ
613 1231 714 1319 ζυγὸν
738 1230 782 1319 μή
805 1229 1035 1319 ὑπερβαίνειν,
1063 1235 1208 1319 μαχαίρᾳ
1230 1232 1297 1315 πῦρ
1376 1254 1439 1300 ‘1³⁴1

151 1336 196 1424 μή
217 1340 401 1424 σκαλεύειν,
420 1337 485 1407 άπὸ
508 1337 694 1426 ὁλοκλήρου
713 1336 817 1425 άρτου
835 1337 879 1424 μή
899 1339 1039 1421 ἐσθίειν,
1057 1337 1113 1404 καὶ
1132 1335 1170 1404 τὰ
1190 1333 1297 1403 λοιπά.

239 1447 353 1515 XLVI.
383 1443 690 1533 Ἀναξίμανδρος
705 1443 904 1534 Πραξιάδου
917 1444 1084 1531 Μιλήσιος
1099 1444 1297 1531 φιλόσοφος,
1313 1466 1339 1505 1⁰

153 1550 316 1639 συγγενής
347 1553 403 1621 καὶ
433 1551 585 1639 μαθητής
612 1552 667 1620 καὶ
695 1551 854 1638 διάδοχος
881 1550 1038 1638 Θάλητος.
1091 1555 1234 1637 [πρῶτος
1261 1551 1298 1618 δὲ

55 1725 59 1735 ,
151 1662 326 1748 ἰσημερίαν
354 1650 431 1746 εὗρε
457 1660 513 1726 καὶ
541 1658 665 1746 τροπὰς
694 1661 749 1726 καὶ
780 1657 979 1746 ὦρολογεία,
1007 1659 1062 1726 καὶ
1090 1657 1152 1743 τήν
1174 1661 1238 1744 γήν
1262 1659 1298 1725 ἐν

153 1765 337 1856 μεσαιτάτῳ
365 1777 507 1834 κεῖσθαι.
553 1765 712 1853 γνάμονά
740 1793 775 1834 τε
798 1765 968 1852 εἰσήγαγε,
991 1765 1046 1831 καί
1071 1761 1156 1843 ὅλως
1179 1790 1299 1850 γεωμε-

151 1878 245 1960 τρίας
271 1870 487 1942 ὑποτύπωσιν
517 1877 664 1957 ἔδειξεν].
711 1878 834 1960 ἔγραψε
863 1873 937 1957 περὶ
961 1871 1103 1958 φύσεως,
1126 1874 1187 1956 γής
1208 1876 1297 1957 περί-

153 1983 251 2065 οδον,
274 1981 329 2048 καλ
352 1982 517 2068 περὶτῶν
541 1977 716 2067 άπλανάν,
739 1981 794 2047 καί
819 1993 983 2066 σφαῖραν,
1005 1979 1060 2046 καί
1083 1976 1168 2045 άλλα
1190 1976 1275 2045 τινά.
1313 1999 1338 2038 ιο

240 2089 373 2155 XLVII.
398 2086 654 2175 Ἀναξιμένης
669 2084 916 2175 Ἀριστοκλέους
935 2082 1162 2172 Λαμψακηνὸς
1178 2084 1299 2171 ῥήτωρ,

154 2192 307 2280 μαθητής
327 2198 515 2280 Διογένους
536 2198 597 2262 τοῦ
617 2192 732 2273 Κυνὸς
755 2193 810 2260 καὶ
830 2198 962 2260 Ζωίλου
985 2196 1045 2260 τοῦ
1062 2190 1300 2279 Ἀμφιπολίτου

154 2304 385 2387 γραμματικοῦ
408 2305 468 2369 τοῦ
491 2307 681 2383 κακίζοντος
690 2298 854 2387 Ὅμηρον,
881 2297 1081 2392 διδάσκαλος
1099 2298 1137 2367 δὲ
1152 2296 1299 2390 Ἀλεξάν-

154 2411 242 2493 δρου
263 2412 325 2475 τοῦ
348 2407 557 2488 Μακεδόνος.
602 2411 710 2475 εἵπετο
735 2406 773 2474 δὲ
796 2404 885 2498 αὐτῷ
909 2407 945 2474 ἐν
968 2420 1037 2486 τοῖς
1060 2408 1224 2491 πολέμοις.

241 2515 389 2582 XLVIII.
424 2511 680 2601 Ἀναξιμένης
704 2510 945 2601 Εὐρυστράτου
970 2512 1139 2600 Μιλήσιος
1162 2513 1297 2599 φιλόσο-
1313 2535 1339 2575 εο

152 2620 224 2707 φος,
240 2618 393 2708 μαθητής
406 2621 461 2688 καί
476 2620 634 2709 διάδοχος
652 2618 918 2707 Ἀναξιμάνδρου
933 2623 994 2688 τοῦ
1011 2626 1195 2707 Μιλησίου,
1214 2623 1249 2687 oi
1262 2620 1298 2687 (II

71 2746 101 2787 ’-·.
151 2726 206 2793 καὶ
230 2733 449 2815 Παρμενίδου
472 2733 610 2815 ἔφασαν.
656 2729 794 2813 γέγονεν
818 2729 855 2795 ἑν
887 2731 927 2815 τή
956 2725 1009 2794 νε’
1034 2724 1233 2814 ὀλυμπιάδι,
1263 2730 1299 2795 ἐν

55 2870 104 2901 ÷,·..
151 2859 191 2921 τη
216 2833 380 2921 Σάρδεων
403 2832 537 2922 ἁλώσει,
561 2833 615 2903 ὅτε
641 2838 756 2921 Κῦρος
775 2831 792 2901 ὁ
813 2836 945 2921 Πέρσης
965 2838 1114 2920 Κροίσου
1133 2842 1299 2903 καθεῖλεν.

153 2961 366 2972 -—---——...

225 3038 238 3085 1
268 3027 422 3100 ὀλυμπιάδι
447 3063 479 3071 -
504 3026 685 3099 Κολοφώνιος
709 3047 762 3085 om.
782 3031 858 3085 Eud.
950 3026 993 3100 ρη’
1017 3047 1086 3086 corr.
1108 3031 1232 3085 Meineie
1255 3026 1298 3099 ρα’

151 3112 223 3181 vulg).
280 3110 385 3182 ἔγραψε
407 3109 536 3182 δράματα
550 3111 626 3167 Eud.
694 3107 841 3181 2ἒνίκησε
862 3108 893 3165 δὲ
915 3128 968 3165 om.
987 3110 1063 3167 Eud.
1083 3109 1115 3166 δὲ
1135 3111 1225 3166 solum
1245 3128 1299 3167 om.

154 3195 229 3246 ABE
301 3190 333 3247 di
353 3210 406 3248 om.
426 3198 449 3245 A
521 3187 536 3247 d
556 3194 716 3262 παμμίαρος
735 3194 799 3261 posi
817 3188 932 3259 φθοράς
950 3192 1012 3245 add.
1032 3191 1106 3246 Πκδ.

224 3272 312 3327 XLIV
331 3290 384 3329 om.
404 3272 539 3328 Westerm.
574 3270 614 3325 cf.
635 3270 735 3324 Athen.
754 3271 779 3325 II
798 3291 824 3342 p.
845 3277 879 3325 63
899 3271 935 3328 al.
962 3272 1085 3327 δίιίαιλτ
1103 3272 1115 3323 I
1134 3290 1160 3341 p.
1175 3276 1227 3326 406
1243 3290 1299 3339 seq.

226 3349 300 3403 XLV
319 3351 394 3408 Eua.
414 3371 440 3422 p.
459 3356 502 3408 84.
535 3349 576 3405 ef.
595 3349 676 3420 Diog.
696 3350 730 3415 ΙΙ,
748 3355 772 3404 2.
811 3350 926 3405 Tractat
944 3351 1046 3405 Miller
1065 3350 1090 3405 II
1108 3369 1135 3420 p.
1156 3357 1189 3404 67

153 3437 170 3484 6
189 3431 287 3501 γέγονε
303 3462 336 3471 -
352 3430 506 3501 κληθέντος
524 3436 553 3487 et
572 3429 633 3486 οἷον
647 3462 680 3470 -
696 3431 761 3484 exii
777 3447 830 3484 om.
846 3431 922 3485 Eud.
957 3429 996 3485 Cf.
1014 3430 1125 3485 OIInton
1143 3450 1170 3501 p.
1185 3437 1237 3485 384
1253 3432 1298 3485 Κτ.

155 3515 170 3564 7
189 3506 344 3581 Ἀμείνονος
362 3516 416 3565 AIA
434 3507 575 3581 α’μάνονος
595 3527 663 3565 corr.
683 3510 724 3564 ed.
740 3513 799 3565 Bu.
832 3509 872 3564 cf.
891 3529 917 3563 v.
937 3513 1073 3580 Κτησίας,
1092 3513 1239 3580 Μηλησίου
1259 3517 1282 3564 A

162 3589 165 3594 ’
223 3589 311 3645 XLVI
331 3590 440 3649 Gedren.
462 3593 474 3646 I
492 3612 518 3663 p.
538 3598 598 3647 276.
633 3591 673 3645 Ex
689 3589 821 3658 Hesychii
841 3594 870 3646 et
888 3590 1005 3660 Diogen.
1025 3592 1060 3657 II,
1080 3598 1093 3645 1
1114 3592 1164 3660 (II,
1185 3593 1210 3659 1)
1232 3591 1300 3646 viiis

153 3688 204 3725 sua
221 3670 369 3741 descripsit
382 3672 458 3727 Ειαλ.
479 3691 506 3743 p.
522 3679 556 3727 94
612 3678 644 3726 11
662 3671 771 3739 πρῶτος
790 3702 823 3711 -
844 3668 951 3737 ἔδειξεν
970 3670 1112 3726 addidisse
1132 3671 1247 3725 Snidam
1267 3688 1300 3726 ex

154 3748 293 3821 D10g.11,
314 3758 328 3804 1
349 3751 407 3806 dixi
426 3751 496 3807 Mus.
516 3753 605 3807 Rhen.
626 3749 729 3804 XXXV
742 3768 768 3819 p.
786 3756 837 3805 263
901 3756 933 3804 13
953 3745 1063 3820 μεσάτυ
1083 3754 1114 3806 ai
1132 3772 1162 3805 αι
1181 3767 1254 3805 man.
1274 3751 1300 3804 II

156 3848 292 3901 suprascr.
312 3837 335 3884 A
406 3832 455 3886 καλ
473 3833 569 3903 accepi
588 3850 622 3887 ex
640 3836 714 3884 ABE

224 3909 324 3964 XLVII
343 3911 418 3967 Eud.
438 3931 465 3981 p.
485 3918 527 3967 88.
561 3910 601 3966 Cf.
621 3931 646 3966 v.
669 3907 810 3981 Τιμόλαος
829 3917 898 3979 Λαρ.
917 3913 947 3965 et
965 3911 1047 3979 Diog.
1068 3910 1101 3977 ΙΙ,
1123 3918 1146 3965 3.
1184 3912 1301 3966 Tractat

153 3988 265 4060 Mdller,
284 3990 384 4062 Script.
404 3990 483 4047 LIex.
502 4010 528 4062 p.
549 3998 592 4059 33,
612 3992 660 4060 qui
678 3993 798 4047 alterum
816 3990 1038 4060 Lampsacenum
1062 3994 1193 4061 nepotem
1212 3992 1299 4047 nostri

154 4088 313 4139 examore,
333 4073 441 4127 abhoc
460 4072 687 4143 distinguendum
707 4088 766 4128 esse
786 4074 861 4125 recte
880 4073 989 4126 monuit
1044 4079 1077 4126 17
1096 4073 1146 4127 τοῦ
1166 4092 1208 4141 γρ.
1227 4073 1298 4142 vida.

153 4151 203 4205 τοῦ
224 4168 277 4206 om.
298 4156 372 4204 m
450 4158 482 4206 19
502 4151 552 4207 τοῦ
572 4155 648 4206 Μακ.
667 4147 713 4208 III.
733 4158 756 4205 A
833 4152 927 4206 εἵπετο
946 4169 1002 4220 seq.
1022 4170 1075 4207 om.
1096 4152 1172 4206 Eua.
1192 4152 1226 4205 ad
1248 4153 1300 4205 He-

154 4230 244 4299 sychii
260 4230 348 4287 vitam
368 4231 468 4287 Suidas
487 4232 615 4286 adiunxit
633 4232 750 4288 Pausan.
770 4230 824 4300 VI,
846 4237 878 4285 18

225 4309 340 4364 XLVIII
364 4312 439 4367 Παδ.
463 4331 488 4382 p.
509 4318 555 4379 94,
579 4329 650 4380 quae
674 4315 807 4368 nonnulla
831 4329 899 4380 ουκ,
922 4313 978 4367 alia
1002 4332 1035 4369 ex
1052 4313 1132 4382 Diog.
1152 4312 1190 4381 II,
1209 4318 1225 4365 2
1250 4312 1297 4366 ad-

155 4390 267 4461 scripsit
330 4396 364 4444 20
384 4386 576 4459 Εάριστράτου
595 4397 643 4445 AB
714 4400 746 4447 21
769 4390 798 4447 οἷ
814 4391 847 4446 δέ
867 4411 923 4462 seq.
944 4395 1061 4448 sortasse
1080 4412 1113 4447 οτ
1132 4393 1213 4463 Diog.
1233 4394 1299 4459 Π,2

154 4473 284 4539 excerpta
356 4477 389 4523 22
408 4466 447 4525 κε’
467 4473 562 4526 inetur
579 4472 686 4539 Πυλαία,
705 4475 775 4528 Mus.
795 4474 882 4527 IIhon.
898 4473 1014 4527 XXXIII
1034 4493 1060 4543 p.
1075 4480 1141 4540 206,
1160 4475 1208 4540 qui
1227 4475 1298 4527 hanc
