3036 5114
658 345 850 403 APPENmX.
1260 343 1326 407 245

181 505 424 596 αὐτοκράτορι]
475 509 530 577 καί
558 505 600 577 οὐ
628 507 735 595 μόνον
763 512 855 593 ἔτυχε
885 511 942 593 τῆς
969 505 1118 592 χάριτος,
1150 502 1192 593 ῆυ
1221 505 1326 593 ἐξῆτει

181 615 261 700 παρ’
286 614 408 702 αὐτοῦ,
436 616 498 703 τῆν
528 620 576 697 είς
597 621 741 700 πατρίδα
765 614 950 700 ἐπάνοδον,
978 609 1061 681 άλλά
1084 615 1139 681 καὶ
1162 612 1244 701 πρὸς
1267 615 1326 681 ἕνα

182 727 321 793 ἕκαστον
352 729 468 811 στίχον
500 727 596 808 ἔλαβε
627 726 772 811 στατῆρα
803 723 862 791 ἕνα
893 723 1058 810 χρυσοῦν,
1081 717 1137 810 ζὼς
1168 719 1326 806 γενέσθαι

180 831 346 920 μυριάδας
370 830 441 900 δύο.
1313 842 1318 851 “

722 1031 789 1097 IV.

487 1173 699 1241 Aristotelis
723 1175 799 1240 vita
821 1173 1025 1255 Menagiana

268 1333 507 1421 Ἀριστοτέλης,
536 1332 609 1413 υίὸς
632 1330 830 1420 Νικομάχου
857 1335 913 1400 καί
940 1337 1120 1414 Φαιστίδος
1148 1333 1181 1422 (ὁ
1206 1331 1241 1401 δὲ
1266 1340 1354 1400 Nm>

183 1440 327 1527 κόμαχος
351 1436 464 1526 ἰατρὸς
486 1431 529 1525 ῆν
553 1442 612 1506 τοῦ
636 1442 706 1506 τῶν
725 1435 976 1527 Ἀσκληπιαδῶν
999 1441 1119 1525 γένους
1142 1437 1207 1508 ὐπὸ
1227 1447 1328 1508 Νικο-

183 1547 294 1636 μάχου
326 1550 386 1615 τοῦ
422 1545 619 1636 Μαχάονος)
653 1549 688 1614 ἐκ
716 1550 911 1631 Σταγείρων
943 1546 1071 1627 πόλεως
1101 1551 1160 1632 τῆς
1186 1545 1329 1636 Θρᾴκης,

185 1654 387 1742 φιλόσοφος,
420 1651 573 1741 μαθητῆς
600 1651 799 1737 Πλάτωνος,
831 1651 973 1740 τραυλὸς
1004 1652 1066 1741 τῆν
1095 1652 1223 1741 φωνῆν.
1273 1654 1329 1720 καὶ

185 1759 353 1848 ἀδελφούς
376 1758 437 1847 μὲν
461 1764 556 1846 ἔσχεν
577 1755 795 1849 Ἀρίμνηστον
818 1761 872 1827 καὶ
893 1757 1130 1849 Ἀριμνῆστην,
1159 1761 1329 1847 θυγατέρα

188 1868 225 1937 δὲ
250 1866 315 1935 άπὸ
340 1866 520 1946 Πυθιάδος
546 1869 604 1951 τῆς
629 1866 800 1954 θυγατρὸς
817 1864 973 1952 Ἑρμείου
997 1872 1058 1936 τοῦ
1083 1865 1264 1953 εὐνούχου,
1293 1863 1330 1948 ὃς
1345 1897 1370 1935 ιο

185 1974 240 2043 καί
263 1979 400 2061 θλιβίας
423 1969 471 2041 οῦν
495 1969 601 2059 αὐτὴν
624 1977 788 2057 ἔσπειρεν·
813 1975 987 2061 γημαμένη
1011 1973 1048 2042 δδ
1071 1975 1180 2063 τρισίν
1204 1970 1225 2059 ῆ
1246 1972 1329 2060 Ἀρι-

182 2086 357 2161 στοτέλους
385 2079 540 2168 θυγάτηρ
568 2078 759 2147 τεκνωσασα
786 2079 1064 2168 προετελεύτησεν
1085 2078 1331 2168 Ἀριστοτέλους

180 2192 242 2258 τοῦ
273 2185 405 2273 πατρός.
456 2183 522 2273 εἶχε
556 2186 593 2253 δὲ
626 2186 680 2254 καὶ
713 2185 791 2254 υίὸν
825 2185 1020 2275 Νικόμαχον
1054 2190 1087 2269 ἐξ
1109 2173 1331 2274 Ἑρπυλλίδος

180 2298 363 2381 παλλακῆς,
395 2290 440 2380 ῆν
473 2291 552 2381 μετά
582 2293 745 2361 Πυθιάδα
777 2291 855 2382 παρ’
881 2289 1037 2381 Ἑρμείου
1068 2298 1128 2362 τοῦ
1162 2292 1330 2382 εὐνούχου

181 2399 286 2489 (ὅστις
313 2392 357 2488 ῆν
383 2399 497 2488 άρχων
516 2397 712 2485 Ἀταρνέως,
737 2441 777 2450 -
802 2401 894 2488 χοίρα
924 2398 956 2469 δ’
987 2399 1070 2488 αῦτη
1098 2400 1320 2491 Τρωάδος-
1345 2431 1371 2472 ιε

181 2506 361 2594 Εὐβούλου
394 2506 431 2576 δὲ
465 2511 526 2575 τού
558 2511 714 2575 Βιθυνοῦ
747 2511 869 2587 δοῦλος
900 2494 1061 2597 γεγονώς)
1094 2513 1230 2595 ἔλαβεν,
1267 2507 1322 2575 καὶ

181 2613 287 2684 αὐτοῦ
314 2612 471 2702 Ἑρμείου
502 2611 639 2682 παιδικὰ
670 2617 856 2700 γενομένου
887 2612 1145 2700 Ἀριστοτέλους.
1196 2606 1273 2704 ῆρξε
1304 2619 1325 2681 δ

181 2728 236 2808 ἔτη
264 2720 311 2808 ιγ’
335 2726 393 2808 τῆς
419 2714 673 2808 περιπατητικῆς
700 2728 880 2810 κληθείσης
908 2728 1110 2809 φιλοσοφίας
1138 2719 1193 2789 διὰ
1221 2720 1258 2789 τὸ
1289 2723 1326 2790 έν

180 2828 347 2919 περιπάτῳ
375 2826 449 2916 ῆτοι
477 2827 569 2918 κήπῳ
594 2827 1014 2915 διδάξαιιάναχωρῆσαντα
1037 2833 1095 2916 τῆς
1116 2826 1327 2915 Ἀκαδημίας,

181 2939 219 3005 έν
241 2927 263 3025 ῆ
287 2935 431 3004 Πλάτων
459 2937 621 3017 ἐδίδαξεν.
663 2934 834 3026 Ἰἐγεννήθη
863 2934 894 3003 δ’
922 2938 958 3004 ἐν
986 2940 1025 3024 τῆ
1060 2935 1118 3016 σθ’
1143 2932 1327 3021 ὀλυμπιάδι
1345 2964 1372 3007 ιο

182 3044 237 3111 καὶ
261 3041 430 3111 άπέθανεν
454 3039 611 3111 άκόνιτον
634 3039 720 3110 πιὼν
739 3044 777 3110 έν
795 3047 948 3130 Χαλκίδι,
972 3042 1059 3112 διότι
1078 3046 1224 3112 ἐκαλεῖτο
1244 3040 1328 3128 πρὸς

185 3147 350 3236 εὐθύνας,
378 3148 491 3236 ἐπειδῆ
521 3154 643 3236 ἔγραψε
671 3153 797 3219 παιᾶνα
820 3153 869 3230 είς
886 3147 1042 3238 Ἑρμείαν
1065 3150 1128 3220 τὸν
1160 3147 1325 3238 εὐνοῦχον

183 3259 218 3324 οί
239 3257 279 3325 δέ
299 3276 381 3343 φασι
408 3258 498 3347 νόσω
522 3254 625 3325 αὐτὸν
653 3260 846 3343 τελευτῆσαι
869 3256 1052 3357 βιώσανταἱ
1067 3262 1124 3345 ἔτη
1150 3258 1192 3337 ο’,
1219 3255 1264 3337 ὡς
1292 3259 1332 3325 δέ

182 3390 269 3445 τινες
297 3363 358 3451 ξγ’.
404 3364 593 3449 συνέγραψε
619 3368 733 3449 βιβλία
763 3361 862 3450 ἐγγὺς
891 3362 936 3434 ν’.
982 3363 1132 3453 διάδοχοι
1164 3362 1195 3431 δ’
1222 3362 1328 3431 αὐτοῦ

183 3473 241 3557 τῆς
264 3474 384 3558 σχολῆς
405 3468 487 3537 κατὰ
507 3469 601 3552 τάξιν
620 3472 776 3557 ἐγένοντο
797 3472 881 3539 οίδε·
904 3468 1129 3558 Θεόφραστος,
1154 3472 1327 3555 Στράτων,
1344 3503 1371 3544 ιε

257 3711 270 3757 1
290 3703 351 3758 eod.
371 3695 407 3771 ῆν
479 3710 496 3756 4
514 3698 693 3772 νομισμάτων
711 3697 852 3770 μυριάδας
870 3699 898 3772 β’
919 3703 1024 3758 Susidas

255 3782 294 3836 IV
330 3787 427 3837 5-28
449 3777 631 3852 Ἀριστοτέλης
654 3812 687 3822 -
713 3779 761 3851 ἔτη
784 3778 823 3850 ο’,
846 3781 863 3837 i.
883 3799 907 3839 e,
932 3782 1018 3839 vitam
1042 3782 1262 3854 Hesychianam‚
1286 3784 1333 3840 de-

184 3861 298 3931 scripsit
315 3863 419 3917 Suidas
438 3880 459 3918 ε,
479 3881 504 3917 v.
522 3856 705 3931 Ἀριστοτέλης
763 3869 780 3918 5
800 3860 970 3927 Φαιοτιάδος
988 3866 1059 3935 νκίρ.
1079 3866 1183 3921 δαίδων
1247 3873 1261 3921 7
1281 3885 1332 3936 μα-

185 3944 294 4012 χαύνος
313 3943 417 3998 Suidae
435 3948 455 3995 B
474 3944 504 3997 et
521 3962 562 4012 pr.
581 3963 616 4000 m.
636 3950 672 4013 E,
691 3939 841 4015 μαχάωνος
859 3950 886 3997 11
957 3951 973 3999 9
993 3943 1046 4015 μὲν
1064 3962 1117 4000 om.
1138 3947 1242 4002 βιιίιίαε
1260 3951 1306 3998 ΒΕ

188 4029 219 4077 10
245 4018 342 4092 ἕρμίου
366 4021 413 4077 hic
436 4025 465 4076 εί
487 4021 562 4078 infra
584 4023 688 4079 θαλίαι
707 4029 731 4077 Δ
816 4019 848 4086 ὃς
870 4043 901 4093 γε
927 4024 997 4080 coni.
1021 4025 1138 4095 Jacobs,
1161 4027 1275 4082 Anthol.
1296 4026 1332 4078 vl

187 4121 214 4172 p.
230 4109 282 4158 366
357 4110 387 4156 11
408 4104 523 4174 θλιβίας
541 4103 627 4158 etiam
648 4106 738 4160 Patm.
757 4106 881 4167 θλαδίας
899 4104 1003 4159 δαίδας
1068 4102 1161 4173 ἔπειρε
1182 4107 1288 4161 Suidae
1301 4110 1333 4174 Δ,

186 4181 271 4252 έπηρε
292 4189 353 4252 ΒΕ,
373 4189 464 4238 om.V
541 4183 706 4254 γαμουμένη
725 4185 836 4239 Suidae-
849 4189 876 4236 11
894 4200 949 4239 om.
967 4189 1015 4238 BE
1093 4191 1126 4240 13
1146 4183 1208 4254 ἔσχε
1228 4186 1332 4240 Βιιίιίοε

188 4258 335 4333 έρτιύλιδος
354 4263 459 4317 Suidae
472 4268 519 4316 BE
593 4270 626 4319 14
644 4261 766 4336 ἠγάγετο
785 4266 850 4334 post
867 4257 903 4332 ἣν
922 4264 986 4322 add.
1002 4266 1107 4321 Suidas
1180 4269 1212 4318 15
1232 4259 1333 4333 άσταρ-

187 4342 258 4406 νέως
273 4345 364 4397 Ραίαι.
421 4348 454 4397 16
474 4341 601 4416 έ[λα]βεν
617 4347 646 4400 et
663 4349 697 4399 λα
716 4346 745 4399 in
763 4346 816 4401 lae.
833 4345 923 4402 Palm.
981 4353 1012 4402 17
1032 4345 1167 4400 παιδικοῦ
1189 4345 1333 4400 SuidaeA

183 4443 270 4479 π...
288 4425 357 4477 δικ.
375 4465 402 4477 ..
424 4423 513 4478 Ραίνι.
577 4416 662 4493 ἦρξεν
682 4427 771 4483 Ροίκι.
853 4432 888 4482 20
907 4421 960 4500 ηδ’
982 4426 1074 4481 Ροίνι.
1153 4431 1188 4481 22
1208 4422 1333 4495 ἔγραψεν

187 4503 280 4563 Ραίνι.
355 4509 390 4560 23
409 4521 497 4572 φασιν
517 4504 607 4560 Ραίνι.
