3036 5114
443 1161 987 1238 PROLEGOMENA.

555 1467 675 1562 Caput
701 1467 875 1560 primum.

369 1638 418 1693 De
440 1635 602 1706 Hesyehii
624 1634 748 1692 Milesii
769 1633 839 1691 vite
862 1637 896 1690 et
918 1632 1061 1704 seriptis.

230 1768 463 1853 Hesychium
487 1769 681 1835 Milesium
704 1765 958 1854 illustrium¹)
988 1772 1064 1833 sunt
1082 1769 1137 1853 qui
1164 1767 1289 1833 Iustino
1309 1774 1329 1849 ς
1354 1772 1369 1833 1

141 1880 298 1960 regnante
312 1875 517 1960 (518-527)
532 1877 650 1942 vixisse
665 1878 781 1960 putent
794 1873 849 1962 (ef.
859 1874 977 1961 Bergk,
991 1875 1053 1941 Lit.
1064 1873 1144 1940 Gr.I
1158 1899 1188 1959 p.
1199 1872 1288 1961 292),

142 1988 218 2047 sunt
236 1983 335 2047 etism
354 1984 409 2068 qui
433 1983 613 2050 Iustiniano
632 1978 889 2068 (527-568)²)‚
907 1981 1056 2068 inprimis
1075 1981 1204 2047 adducti
1223 1982 1287 2066 epi-

141 2089 312 2154 tomatoris
332 2088 563 2175 Onemstologi
583 2089 690 2154 verbis
709 2090 744 2154 in
765 2089 867 2174 ipsius
886 2087 1040 2173 Hesychii
1059 2088 1127 2152 vita
1150 2087 1287 2153 extanti-

56 2220 62 2233 ·
140 2194 200 2259 b'us
233 2191 378 2279 γεγονὼς
414 2194 466 2261 ἐπὶ
497 2190 717 2261 Ἀναστασίον
748 2193 909 2278 βασιλέως
944 2192 1173 2281 (effi-518),
1206 2217 1287 2279 quae

142 2301 286 2366 derivata
309 2323 379 2367 esse
403 2325 441 2368 ex
465 2302 621 2369 historiae
644 2301 799 2386 Hesychii
822 2301 969 2367 terminis
997 2301 1160 2366 neminem
1188 2302 1286 2388 fugit3

142 2407 257 2474 Suidss
282 2409 367 2473 enim
386 2409 465 2475 dicit
487 2409 578 2475 illam
602 2411 762 2494 pertinere
782 2409 843 2487 ἕως
861 2410 920 2493 τῆς
942 2411 1110 2492 βασιλείας
1134 2404 1288 2474 Ἀναστα-

141 2517 217 2580 σίου
239 2515 301 2581 τοῦ
324 2514 615 2600 ἐπονομαζομίνου
639 2511 806 2600 Δικόρου,
829 2515 924 2581 Phoe.
949 2516 1017 2582 eod.
1036 2517 1078 2580 69
1102 2511 1227 2581 κάτεισι
1252 2513 1289 2582 δὲ

140 2620 236 2706 με’χρι
258 2622 317 2706 τῆς
339 2624 492 2707 τελευτῆς
512 2617 747 2705 Ἆναστασίον,
776 2615 814 2699 ὃς
831 2616 1003 2707 Ῥωμαίων
1026 2622 1166 2707 γέγονεν
1189 2617 1286 2689 αὐτο-

140 2725 271 2814 κράτωρ
302 2735 335 2794 et
364 2730 408 2796 ib.
438 2729 532 2814 μέχρι
561 2731 620 2813 τῆς
647 2712 866 2794 Ἀναστασίου
898 2730 1051 2814 τελευτῆς
1084 2728 1138 2813 (cf.
1165 2729 1287 2815 Rehde‚

140 2833 223 2901 Mus.
246 2835 350 2901 Rhen.
372 2836 512 2902 XXXIV
535 2860 566 2920 p.
587 2836 675 2923 184).
721 2834 863 2912 Quorum
888 2837 997 2921 opinio
1021 2837 1072 2901 vel
1096 2838 1197 2903 altero
1221 2836 1285 2903 He·

141 2942 246 3026 sychii
270 2943 355 3008 libro
379 2943 564 3009 confirmari
582 2931 777 3028 videtuuqi,
801 2948 838 3009 ut
861 2944 909 3008 uit
931 2942 1083 3028 Photius,
1105 2947 1286 3029 περιείχετο

139 3045 179 3112 τά
207 3072 241 3113 τε
271 3042 440 3137 Ἰουστίνςο
470 3048 683 3134 πραχθέντα,
711 3044 801 3126 ὅπως
829 3074 864 3116 τε
893 3045 1112 3117 Ἀναστασιόν
1139 3051 1288 3136 τελευτή-

140 3173 261 3232 σαντος
292 3149 393 3232 αὐτὸς
426 3150 611 3241 ἀνερρήθη.
666 3151 735 3222 εἶτα
767 3155 823 3221 καί
855 3158 915 3222 τοῦ
951 3153 1195 3224 Ἰονστινιανοῦ
1228 3161 1288 3224 τοῦ

139 3258 219 3345 μετὰ
240 3254 426 3328 Ἰοοστϊνον
450 3265 540 3328 ἔστιν
560 3257 747 3348 ἀνάρρησιν
767 3264 915 3330 κατιδεῖν
933 3260 1065 3345 καὶτὰς
1085 3261 1187 3343 ἄλλας
1205 3262 1288 3350 τροί-

141 3370 206 3447 ξεις
228 3369 340 3454 μέχρις
359 3367 443 3434 ἐτῶν
461 3393 565 3435 τινοιν
584 3367 703 3456 (τριῶν
722 3371 790 3435 sine
805 3372 921 3436 idonee
938 3393 1034 3437 csusa
1048 3373 1131 3439 coni.
1145 3373 1287 3459 Bekker)

140 3477 197 3560 τῆς
220 3474 326 3543 αὐτοῦ
348 3479 534 3561 βασιλείας,
558 3499 751 3561 quamquem
776 3500 814 3541 ex
838 3478 943 3543 verbis
967 3479 1213 3564 insequentibus
1232 3479 1287 3546 uui

140 3577 182 3648 τὸ
212 3579 355 3649 λοιτιὸν
384 3579 403 3648 ὁ
433 3578 645 3669 συγγραφεὺς
679 3581 855 3669 ἐπεσχέθη,
887 3581 1042 3652 θανάτου
1073 3587 1135 3652 τοῦ
1168 3582 1288 3664 παιδὸς

139 3683 301 3755 Ἰωάννου
328 3685 390 3773 τὴν
416 3686 528 3774 ψυχὴν
556 3692 691 3774 καιρίαν
717 3688 857 3775 βληθεὶς
883 3689 1017 3776 καὶτῆς
1040 3687 1124 3777 πρὸς
1147 3687 1184 3757 τὸ
1209 3689 1287 3777 γρά-

141 3818 220 3879 φειν
243 3790 349 3880 ὁρμῆς
372 3796 521 3874 ἑκκοτιείς
543 3785 741 3882 Hesychium
765 3803 904 3864 mortem
927 3799 986 3864 filii
1010 3821 1106 3885 aegre
1129 3800 1286 3865 ferentem

142 3924 222 3984 opus
247 3902 432 3969 incohatum
456 3925 521 3969 nen
544 3904 718 3989 perfecisse
738 3905 757 3970 i.
776 3927 802 3970 e.
821 3905 992 3971 Iustiniani
1012 3905 1216 3991 imperatoris
1236 3929 1286 3972 res

141 4038 153 4043 -
160 4038 351 4046 ——--—--——-

214 4119 240 4185 1)
263 4117 419 4187 Hesychius
443 4115 580 4171 lllustn'us
604 4117 682 4171 audit
706 4117 780 4188 apud
801 4117 881 4173 Phet.
902 4119 961 4174 eod.
982 4125 1016 4174 69
1035 4120 1064 4173 et
1082 4126 1116 4175 λθ
1135 4119 1186 4184 ολ,
1212 4120 1287 4189 quod

141 4193 289 4266 epitheton
308 4194 338 4250 in
356 4195 416 4250 vita
434 4195 494 4250 eius
512 4195 638 4253 Suidunu
655 4197 836 4253 desideretur.
874 4198 914 4254 Cf.
934 4216 1006 4268 quse
1026 4198 1084 4253 dixi
1108 4199 1143 4253 sd
1167 4216 1192 4254 v.
1212 4202 1285 4267 Προ·

141 4273 243 4337 νότιος
266 4278 295 4330 et
311 4272 513 4344 Χριστόθωρος.

213 4358 240 4423 2)
264 4355 304 4413 Cf.
324 4356 444 4425 Hesyeh.
464 4357 506 4412 ed.
526 4357 708 4427 Μουσείοις).
730 4364 794 4426 112;
813 4358 856 4413 ed.
876 4358 963 4413 Orelli
981 4376 1009 4427 p.
1028 4366 1093 4426 2713
1118 4359 1231 4427 Miller,
1251 4359 1283 4415 fr.

141 4434 206 4489 hiflt.
221 4434 259 4489 IV
277 4453 305 4504 p-
326 4441 377 4489 143
393 4434 430 4488 al.
1256 4462 1267 4484 e
