3036 5114
227 314 274 367 m
659 312 943 369 raonaeouuuu.
1075 379 1081 386 ,

315 476 371 542 IV.
412 477 483 542 Iam
506 499 544 542 eo
567 476 712 562 provecti
736 499 862 561 sumus,
885 481 921 542 ut
943 500 982 542 ea
1004 477 1225 543 examinemus
1248 477 1373 542 addita-

228 589 351 668 menta,
383 578 463 670 quae
495 584 641 650 Eudocia
672 585 744 650 sola
774 585 888 668 habet,
920 585 958 649 de
991 585 1107 671 quibua
1139 585 1209 670 ipse
1243 585 1374 669 copiose

228 691 393 775 disputavi
416 691 544 757 Unters.
572 715 603 776 p.
626 693 668 758 38
688 714 754 777 seq.
798 691 940 758 Posthac
968 693 1191 778 quaestionem
1219 697 1372 758 retracta·

229 804 345 863 verrmt
363 797 458 863 Daub
482 803 515 865 et
533 799 636 865 Pulch
656 800 677 866 l.
696 822 721 866 c.
758 798 881 864 Taedet
897 822 982 865 nunc
1001 800 1111 865 omnia
1133 822 1305 885 recoquere
1329 836 1372 847 —

149 913 152 918 '
231 907 319 972 velut
333 900 415 971 κατὰ
430 908 627 991 Λυσίμαχον
641 907 675 970 in
689 906 757 972 vita
772 907 975 992 Diogenem,
989 908 1027 972 de
1043 929 1106 991 quo
1121 907 1258 991 garrivit
1272 907 1373 975 Pulch

229 1036 259 1099 p.
279 1013 321 1079 83
348 1049 398 1096 -,
426 1012 483 1078 sed
505 1013 612 1097 placet
640 1036 802 1097 apponere
826 1037 881 1080 eos
910 1015 1105 1099 scriptorum
1133 1014 1261 1099 titulos,
1293 1039 1374 1102 quos

228 1126 286 1186 aut
308 1121 379 1186 sola
403 1125 459 1186 aut
480 1120 644 1187 uberiores
667 1121 762 1186 nobis
786 1125 933 1207 praestat
956 1144 1107 1208 quosque.
1127 1145 1200 1188 eum
1227 1124 1262 1189 in
1285 1124 1374 1189 dubi-

228 1229 387 1294 tationem
410 1250 475 1293 non
493 1228 631 1293 vocandi
650 1229 729 1312 sint,
751 1250 809 1293 nec
832 1228 963 1294 finxisse
985 1250 1045 1294 nec
1064 1252 1104 1294 ex
1126 1229 1228 1314 ipsius
1250 1230 1374 1297 littera-

228 1360 299 1402 rum
320 1336 456 1401 scientia
475 1335 644 1420 addidisse,
663 1336 718 1401 sed
738 1336 859 1402 efonte
874 1358 932 1402 suo
952 1336 1128 1424 integriore
1143 1314 1375 1424 eam'descrip·

229 1446 311 1510 sisse
326 1444 490 1510 concludo.
509 1443 550 1511 V.
560 1444 765 1522 Μένιππος
780 1439 1045 1532 (εαἝρμιππος)
1060 1441 1262 1529 adamam,
1277 1468 1376 1531 quam

228 1552 374 1616 fabulam
397 1573 463 1617 non
484 1552 637 1617 ficticiam
661 1574 730 1617 esse
753 1551 835 1616 vidit
857 1551 1035 1617 Meinekel
1055 1575 1085 1637 p.
1100 1554 1179 1636 4943
1202 1576 1230 1618 v.
1245 1549 1375 1619 Πολύ-

230 1662 343 1740 ζηλος
366 1658 437 1723 add.
452 1654 577 1741 ’Ἀρεως
595 1662 707 1744 γοναί,
731 1660 817 1744 quod
840 1680 915 1724 casu
934 1659 968 1724 in
990 1661 1110 1725 uostris
1133 1659 1250 1725 Suidae
1269 1682 1375 1726 exem·

231 1766 376 1852 pleribus
404 1766 606 1831 intercidisse
638 1766 790 1850 opinatus
823 1771 873 1831 est
901 1766 1010 1851 Daub,
1038 1789 1067 1831 v.
1091 1763 1273 1851 Μάξιμος
1305 1764 1375 1834 Τύ-

229 1896 317 1956 ριος
341 1873 412 1939 add.
434 1876 483 1951 τίς
506 1867 524 1938 ὁ
548 1868 629 1951 θεὸς
652 1870 733 1939 κατὰ
753 1872 935 1957 Πλάτωνα,
960 1875 1045 1959 quod
1068 1876 1255 1959 opusculum
1278 1876 1376 1942 hodie

232 1980 336 2046 adhuc
360 1984 469 2045 extare
490 2003 586 2046 nemo
605 1982 721 2066 nescit3
743 2005 772 2047 v.
791 1977 1038 2058 Σαλούστιος
1056 1985 1159 2060 Mod.
1181 1982 1282 2047 habet
1300 1980 1376 2066 περί

228 2088 398 2171 πυρετῶν,
426 2085 508 2171 περὶ,
524 2089 728 2173 κατασκευῆς
754 2090 815 2154 τοῦ
838 2083 1025 2172 ἀνθρώπου
1047 2086 1103 2153 καὶ
1125 2085 1210 2153 ἅλλα
1234 2085 1376 2172 ἰατρικά,

230 2217 312 2281 quae
336 2195 413 2281 quin
442 2195 600 2260 medicum
629 2195 777 2280 inprimis
806 2195 940 2260 deceant
962 2217 1058 2260 nemo
1086 2196 1226 2279 dubitet3
1255 2219 1283 2261 v.
1306 2201 1377 2261 Σι-

160 2309 169 2316 ’
228 2300 389 2387 βύρτιος
417 2302 489 2368 add.
516 2301 651 2386 μελέτας
680 2325 714 2367 τε
741 2300 796 2366 καὶ
825 2298 998 2379 ἕπιστολοίς
1022 2301 1196 2368 admodum
1223 2305 1375 2389 probabi-

228 2411 315 2486 liter;
341 2432 369 2474 v.
392 2406 626 2493 Πορφύριος
652 2409 771 2474 rectius
791 2410 924 2475 titulum
944 2410 1076 2475 exhibet
1093 2406 1152 2488 τὰς
1168 2410 1377 2494 καλουμένας

230 2514 258 2583 ε’
290 2511 407 2601 φωνὰς
435 2508 468 2600 [ἢ
497 2520 584 2581 recte
612 2517 717 2603 suppl.
746 2517 853 2599 Daub]
882 2519 939 2601 τῆς
966 2513 1212 2601 Ἀριστοτέλους
1242 2518 1377 2602 λογικῆς

228 2625 452 2708 πραγματείας
470 2621 652 2707 provocata
669 2621 854 2708 εἰσαγωγάς
873 2623 938 2710 (est
962 2625 1046 2689 enim
1070 2625 1185 2690 titulus
1210 2619 1375 2709 εἰσαγωγὴ

230 2725 250 2816 ἢ
274 2729 440 2815 περὶτῶν
468 2729 564 2796 πέντε
588 2731 745 2815 φωνῶν);
774 2755 802 2796 v.
825 2731 1006 2815 Πρόκλος
1033 2728 1133 2797 derit.
1157 2733 1227 2799 add.
1252 2734 1376 2816 ἔγραψε

230 2834 312 2904 κατὰ
339 2833 538 2921 Ἐπικούρου
561 2833 607 2920 d‘,
633 2835 709 2921 περὶ
735 2841 897 2921 προνοίας
917 2837 1035 2925 ζβιβλία
1051 2835 1097 2920 ,β’
1126 2861 1208 2924 quae
1236 2839 1315 2904 olim
1342 2839 1377 2903 in

231 2945 348 3011 Suidae
372 2944 610 3029 exemplaribus
633 2943 732 3009 fuisse
755 2967 821 3010 non
848 2945 966 3030 probat
988 2945 1082 3010 Daub
1107 2942 1204 3030 (πρὸς
1228 2926 1378 3010 ’menot-

231 3076 293 3136 ρον
309 3073 390 3135 opus
405 3051 522 3116 maiori
538 3050 651 3116 Proclo
666 3051 752 3116 dedit
767 3049 910 3136 Suidas),
926 3074 953 3116 v.
965 3055 1205 3136 Σαννυρίων
1221 3052 1292 3117 add.
1304 3045 1377 3117 ’1νώ

231 3164 265 3226 et
284 3155 568 3242 Σαρδανάπαλος,
595 3180 674 3243 quas
701 3159 882 3225 comoedias
910 3160 1073 3225 erroribus
1097 3159 1378 3247 palaeographicis

234 3267 344 3332 deberi
358 3267 442 3330 mira
455 3264 566 3330 iudicii
580 3265 793 3351 perversitate
808 3265 1021 3351 Bernhardyo
1040 3266 1142 3332 credit
1159 3266 1262 3333 Pulch
1276 3290 1307 3352 p.
1322 3269 1378 3350 89;

231 3398 258 3439 v.
274 3368 471 3456 ’Ἄψυρτος
494 3373 564 3438 add.
587 3375 673 3456 βιβλ.
694 3368 743 3454 d'3
768 3395 794 3437 v.
819 3367 985 3457 Ῥοῦφος
1015 3373 1086 3438 add.
1115 3371 1190 3458 περὶ
1219 3376 1288 3440 τῶν
1315 3376 1377 3440 τοῦ

232 3478 418 3565 ἀνθρώπου
440 3483 569 3565 μορίων
589 3476 669 3562 δύο,
692 3476 766 3563 περὶ
786 3474 895 3545 ὀστῶν
915 3480 968 3563 ἕν,
993 3480 1077 3565 quod
1098 3485 1183 3546 certe
1202 3504 1276 3547 cum
1290 3486 1379 3547 extet
1466 3573 1470 3581 ι

230 3701 359 3781 μορίων
384 3693 450 3783 (vel
470 3691 649 3779 ὀνομασίαι
668 3696 736 3760 τῶν
754 3690 836 3759 κατὰ
851 3692 1053 3779 ἄνθρωπον,
1077 3695 1182 3781 quode
1200 3696 1240 3760 cf.
1254 3695 1378 3781 Rohde,

235 3806 274 3872 de
298 3804 380 3870 Poll.
399 3804 479 3869 font.
499 3825 529 3887 p.
548 3802 592 3866 90
610 3800 701 3886 Add,
719 3802 825 3886 Diels,
843 3802 984 3887 Doxogr.
1003 3825 1033 3886 p.
1052 3798 1142 3888 208),
1165 3823 1223 3892 nee
1242 3803 1378 3868 mentita

244 3918 294 3977 est
311 3932 414 3995 neque
434 3933 450 3974 e
471 3910 538 3975 suis
557 3908 719 3973 thesauris
734 3908 850 3973 addere
867 3912 1009 3994 poterat3
1033 3909 1162 3974 cuinam
1182 3909 1267 3973 enim
1283 3909 1377 3974 Daub

233 4020 273 4085 de
288 4019 373 4084 Viol.
391 4041 421 4102 p.
438 4018 480 4082 10
499 4015 722 4101 persuadebit,
745 4014 907 4081 Eudociae
930 4015 964 4080 in
988 4015 1182 4081 medicorum
1205 4016 1283 4081 vitis
1304 4016 1378 4081 ube-

231 4128 334 4193 riores
358 4126 463 4191 fontes
486 4127 617 4210 praesto
641 4122 754 4207 fuisse,
777 4144 849 4187 oum
872 4124 1005 4188 eandem
1025 4123 1165 4188 medicos
1184 4122 1256 4206 plus
1276 4146 1378 4209 aequo

233 4323 371 4389 tinemut,
390 4320 419 4374 in
436 4336 535 4375 manus
549 4318 634 4386 venit,
653 4318 809 4372 luculenter
823 4317 994 4387 patefactum
1014 4319 1063 4372 est.
1092 4314 1200 4386 Nempe
1219 4318 1249 4372 et
1262 4318 1379 4372 lacobus

233 4404 345 4471 Billius,
364 4400 412 4470 qui
426 4399 513 4454 latine
528 4416 575 4454 eos
590 4398 689 4466 vertit,
708 4400 738 4453 et
750 4396 875 4453 Eudooia
888 4398 1002 4453 meliore
1017 4414 1050 4451 ac
1068 4396 1250 4467 locupletiore
1266 4399 1379 4453 uteban-

232 4486 279 4538 tur
296 4479 389 4536 Nonni
412 4478 578 4549 exemplari,
596 4495 680 4547 quam
699 4495 771 4546 quae
790 4478 820 4533 in
839 4477 1008 4533 editionibus
1027 4477 1130 4532 nostris
1148 4477 1289 4547 descripta
1306 4480 1378 4534 sunt
1399 4559 1401 4563 Ι
