3036 5114
240 327 288 383 LX
671 331 955 388 Pnonacouaul.

157 495 176 575 ἓ
196 495 215 560 8
328 495 462 560 Praeter
485 493 670 580 Dionysii
694 495 1058 563 Halicarnassensis
1082 496 1285 586 Chronioa¹),
1304 522 1387 584 quae

243 600 428 687 Hesychius
452 602 563 668 laudat
585 603 628 689 gl.
653 597 885 692 Edorrra'drff),
912 605 945 668 in
971 628 998 668 v.
1023 606 1217 690 Σιμωνίδης
1241 601 1307 690 ’Apa
1332 608 1385 672 ad·

240 708 344 774 hibita
367 732 437 775 esse
461 711 644 795 suspicatus
669 715 719 776 est
741 710 867 796 Rohde,
890 710 972 776 Mus.
991 710 1093 776 Rhen.
1112 711 1253 776 XXXIII
1275 737 1304 799 p.
1323 715 1385 780 198

241 816 295 902 (cl.
308 816 506 899 Volkmann,
526 817 657 895 Quaert.
676 841 748 885 nov.
767 840 798 903 p.
812 817 934 905 XVH),
959 819 1057 885 etiam
1077 820 1273 886 Heliconii
1293 820 1385 886 libris

240 923 400 990 chronicis
411 924 594 1015 Hesychius
611 948 688 990 usus
703 931 762 1011 est,
773 949 867 1011 quem
881 927 932 992 bis
947 929 1212 993 commemoravit
1226 923 1385 994 υ.Ἀνιίων

240 1035 273 1095 et
288 1026 468 1117 Ἀμριανός
497 1031 630 1120 Saepius
650 1038 759 1098 antem
779 1034 858 1098 illud
874 1056 954 1118 opus
969 1034 1152 1100 adhibitum
1167 1058 1237 1100 esse
1256 1058 1386 1122 perspe-

239 1138 287 1203 xit
305 1138 433 1226 Rohde,
456 1140 538 1206 Mus.
552 1141 656 1206 Rhea.
670 1140 814 1206 XXXIII
832 1165 862 1227 p.
880 1143 942 1207 182
962 1146 1039 1228 not,
1061 1143 1116 1228 qui
1135 1144 1235 1208 etiam
1254 1166 1282 1208 v.
1298 1137 1385 1210 Ἐπί-

239 1269 363 1332 χαρμος
386 1269 444 1332 pro
469 1244 506 1312 dl
525 1244 647 1313 Λύκων
667 1247 892 1335 corrigendum
917 1249 1042 1314 moouIt
1066 1243 1098 1313 δ’
1118 1245 1311 1329 ‘Eleusinios
1330 1251 1385 1336 (cf.

239 1352 368 1419 Unters.
392 1377 422 1440 p.
445 1351 503 1442 58)
512 1352 552 1440 ³),
580 1355 761 1421 accuratius
789 1357 940 1440 exposuit
963 1357 1072 1441 Danb,
1095 1357 1134 1422 de
1158 1355 1245 1426 Snid.
1269 1382 1299 1444 p.
1319 1360 1383 1425 468

240 1483 313 1546 seq,
337 1461 392 1545 qui
416 1461 599 1546 quindecim
622 1463 688 1528 fere
710 1464 796 1543 ritas
820 1465 938 1529 aetatis
962 1464 1231 1549 posthadrianeae
1256 1489 1294 1531 ex
1317 1468 1384 1533 illis

239 1566 407 1634 Chronicis
431 1569 617 1653 desumptas
642 1592 711 1635 csse
734 1569 852 1636 docuit.
893 1571 961 1637 Nec
984 1594 1050 1637 non
1074 1571 1114 1637 ad
1138 1573 1383 1660 chronologiam

238 1675 272 1740 in
296 1676 446 1741 menibus
469 1676 585 1743 habuit
603 1677 814 1764 Olympiadas
834 1678 1065 1764 Phlegontis
1089 1680 1295 1765 Tralliani,
1320 1682 1384 1749 Eu·

240 1784 321 1849 sebii
340 1785 478 1871 fontem,
502 1808 581 1871 quas
601 1786 712 1851 laudat
735 1810 763 1852 v.
782 1787 906 1870 Θαλῆς,
930 1787 1051 1871 quade
1074 1789 1185 1873 glossa
1202 1789 1241 1853 of.
1260 1789 1385 1874 Rohde,

238 1891 320 1957 Mus.
343 1892 446 1958 Rhen.
469 1891 613 1958 XXXIII
636 1916 667 1979 p.
686 1894 760 1957 211.
806 1891 908 1969 Quem
942 1894 1046 1958 locum
1081 1917 1137 1960 cur
1166 1917 1297 1978 prorsus
1328 1919 1384 1961 ne-

239 2001 399 2085 glexerint
414 2000 532 2066 Moller
550 2000 584 2064 in
605 2000 834 2066 historicorum
853 1999 1045 2086 fragmentis
1070 2004 1102 2064 at
1125 2001 1179 2084 qui
1202 2003 1385 2086 nuperrime

238 2109 425 2194 fragmenta
447 2107 638 2194 Phlegontis
663 2107 810 2192 collegit,
834 2105 912 2172 Otto
931 2106 1050 2191 Keller,
1074 2129 1139 2172 non
1162 2108 1267 2194 magis
1292 2110 1384 2174 intel·

238 2216 326 2302 lego,
359 2238 457 2300 quam
489 2216 574 2300 quod
604 2215 712 2299 Danb,
740 2213 832 2280 Stud.
863 2235 894 2296 p.
921 2214 979 2279 151
1013 2218 1079 2279 not.
1114 2213 1314 2280 dubitantius
1345 2215 1384 2281 de

238 2346 276 2388 eo
299 2323 523 2410 disputaverit.
560 2322 825 2408 Eugenatoris
848 2325 956 2385 autem
980 2321 1183 2406 opusculum,
1207 2320 1292 2407 quod
1316 2322 1383 2389 lau·

238 2429 335 2495 datur
353 2454 382 2495 r.
404 2425 598 2513 Φιλάγριος,
621 2451 699 2493 num
719 2432 752 2493 et
775 2428 880 2513 ipsum
904 2427 943 2491 ad
968 2425 1200 2493 Chronicorum
1225 2430 1384 2495 rationem
1470 2467 1475 2481 ·

237 2537 452 2622 compositum
481 2538 592 2622 fuerit,
623 2535 757 2602 dubium
787 2539 850 2619 est,
883 2556 956 2599 cum
989 2534 1094 2599 altera
1125 2534 1164 2599 de
1197 2556 1235 2600 eo
1264 2536 1384 2601 notitia

310 2805 335 2872 1)
360 2802 487 2867 Quanam
506 2801 613 2856 ratione
636 2800 665 2855 in
684 2798 826 2855 chronicis
844 2798 1011 2870 scriptorum
1032 2799 1137 2855 mentio
1160 2798 1265 2854 iniecta
1288 2800 1383 2867 suerit,

238 2881 330 2936 discas
345 2899 378 2937 ex
393 2880 544 2936 innumeris
560 2879 759 2934 ChronIcornm
775 2878 862 2946 libris,
876 2879 956 2934 velut
974 2878 1093 2949 Syncell.
1110 2886 1170 2946 665,
1186 2886 1220 2933 14
1232 2874 1385 2942 Όιινιιανὸς

237 2957 405 3015 directaneis
420 2957 527 3030 ἤκμασε
544 2960 623 3025 Κίλιξ
638 2959 675 3032 τῷ
690 2957 768 3027 γένει
780 2961 829 3028 (sc.
844 2958 880 3014 Μ.
896 2960 1009 3015 Aurelio
1024 2962 1168 3029 regnante)
1180 2959 1322 3015 =Enseh
1339 2959 1382 3014 ed.

239 3041 346 3095 Schdne
366 3040 391 3093 ll
410 3059 436 3110 p.
454 3046 513 3105 172,
532 3038 637 3094 Matala
655 3056 682 3108 p.
699 3044 741 3105 79,
758 3034 841 3093 19·ἒν
861 3035 980 3103 ἐκείνοις
999 3038 1030 3094 dl
1053 3046 1111 3102 τοῖς
1130 3035 1241 3108 χρόνοις
1259 3031 1293 3107 ἦν
1313 3033 1382 3107 rinp'

231 3113 345 3187 Ἕλλησι
362 3116 462 3188 μάντις
481 3115 563 3189 ἄλλη,
583 3121 705 3190 Σίβυλλα
724 3115 742 3187 ἡ
759 3113 929 3188 'Kerdonia
948 3119 984 3176 ib.
1005 3126 1066 3189 263,
1087 3125 1119 3175 18
1137 3113 1174 3189 ἦν
1192 3118 1223 3174 δὲ
1243 3125 1302 3181 τοῖς
1320 3118 1383 3189 χρό-

241 3220 301 3263 νοις
322 3233 354 3241 -
374 3197 389 3256 ὁ
409 3198 572 3270 σοφώτατος
593 3193 770 3261 Ἀπολλώνιος
789 3194 803 3251 ὁ
825 3197 965 3268 Τυανεύς,
989 3199 1068 3268 Sync.
1089 3204 1154 3267 308,
1173 3193 1331 3261 4Ἦοίοδός
1354 3219 1383 3255 τε

239 3276 415 3350 dyscolam,
435 3276 468 3336 ὃν
481 3277 604 3350 Ἔφορος
618 3273 742 3347 ἀνεψιὸν
757 3278 804 3332 nol
820 3275 975 3346 σύγχρονον
985 3274 1107 3347 Ὁμήρου
1122 3282 1206 3347 φοιοί,
1226 3278 1306 3347 Sync.
1322 3286 1384 3349 400,

241 3365 273 3414 13
291 3354 426 3428 Ἀρκτῖνος
444 3358 581 3429 Μιλήσιος
601 3354 736 3420 ἐποποιός
750 3383 784 3404 =
798 3356 899 3411 Euseb.
914 3357 940 3410 ll
955 3376 982 3426 p.
998 3362 1044 3424 78,
1064 3357 1143 3425 syna.
1159 3364 1221 3426 402,
1237 3365 1270 3413 16
1290 3361 1384 3429 Θαλῆς

236 3433 377 3508 Ἐξαμύου
394 3473 427 3481 -
443 3438 598 3509 φιλόσοφος
614 3464 647 3485 =
662 3436 762 3491 Euseb.
778 3437 804 3489 ll
818 3454 844 3507 p.
860 3440 903 3503 80,
923 3436 1003 3505 Sync.
1019 3442 1078 3504 402,
1096 3444 1108 3490 l
1131 3434 1171 3491 ἔτι
1186 3439 1309 3508 Σίβυλλα
1325 3443 1384 3493 Σα-

237 3520 288 3590 μία
299 3550 329 3558 -
343 3513 360 3588 ἣ
375 3520 423 3574 unt
438 3517 576 3589 ‘Hoorpltn
591 3515 754 3589 ἐγνωρίζετο
810 3515 909 3570 Euseb.
926 3515 949 3569 ll
961 3533 987 3584 p.
999 3521 1041 3584 84,
1057 3517 1210 3585 Syncldt,
1223 3524 1254 3572 14
1268 3513 1383 3589 Ἀλκμᾶν

237 3595 309 3654 mcci
329 3619 408 3660 τινας
427 3596 604 3669 ἐγνωρίζετο,
628 3600 710 3667 Syna.
730 3603 794 3665 484,
814 3603 830 3652 0
848 3593 961 3664 Κράτης
979 3590 994 3647 ὁ
1019 3593 1141 3664 κωμικὸς
1163 3597 1212 3652 real
1233 3597 1382 3653 Τελέσιλλα

237 3678 286 3734 καλ
303 3680 445 3747 Πραξίλλα
465 3679 514 3733 καλ
532 3681 722 3751 Κλεοβουλίνη
742 3680 805 3745 etc,
823 3674 897 3730 unda
911 3675 940 3728 in
955 3674 1019 3728 vitis
1033 3673 1218 3745 Hesychianis
1232 3679 1381 3748 plerasque

236 3759 272 3815 ds
289 3760 383 3813 aetate
406 3760 552 3813 auctorum
574 3756 828 3812 animadversiones
851 3773 884 3809 ex
903 3753 981 3808 libris
1001 3755 1139 3811 chronicis
1162 3757 1274 3814 fluxisse
1292 3761 1382 3829 suspi-

237 3840 296 3897 cari
314 3838 395 3895 nobis
414 3837 490 3892 licet.

308 3922 337 3988 2)
358 3927 437 3974 Διον,
458 3914 489 3972 ἐν
503 3923 561 3978 τοῖς
575 3922 708 3983 rostrante
722 3915 843 3970 tentavit
857 3913 1028 3980 Volkmann,
1043 3915 1149 3970 innisus
1164 3916 1284 3973 lectione
1299 3919 1381 3989 Diog.

238 4002 258 4071 I,
276 4008 323 4070 38,
342 3997 400 4056 alia
419 3996 533 4052 molitur
551 3994 645 4061 Danb,
665 3995 699 4050 de
719 3994 794 4050 Suid.
813 4011 840 4063 p.
855 4001 920 4062 472,
939 3997 996 4049 11ο1.
1012 3999 1060 4062 38,
1081 3995 1180 4051 merito
1199 3996 1381 4068 impugnatus

238 4087 355 4153 uterque
373 4099 390 4136 a
410 4078 538 4143 Rohdeo,
557 4075 627 4130 Mus.
647 4074 735 4131 Rhen.
756 4072 871 4128 XXXVI
890 4090 917 4143 p.
933 4073 1057 4129 3301101.

310 4175 336 4240 3)
359 4167 484 4241 Cogitari
507 4168 600 4222 antem
624 4168 719 4234 polest
741 4164 775 4217 de
797 4162 905 4230 hycone
924 4160 1129 4230 Pythagorico,
1147 4181 1230 4232 quem
1254 4166 1288 4219 de
1312 4183 1383 4221 non·

239 4254 323 4311 nullis
340 4246 525 4322 Pythagoreis
544 4245 700 4313 disputasse
719 4241 876 4311 suspiceris.
915 4241 1002 4305 Quem
1021 4240 1139 4296 laudant
1156 4243 1334 4323 01011139
1353 4252 1383 4302 ot

238 4333 339 4392 Enseb.
359 4331 457 4397 Praep.
476 4324 581 4393 Evang.
601 4320 662 4388 XV,
681 4328 696 4375 2
716 4321 765 4391 (IV
784 4339 809 4390 p.
834 4326 864 4373 11
886 4319 991 4388 (laist).
1015 4351 1047 4360 -
1077 4321 1117 4374 De
1140 4320 1250 4390 Lycone
1274 4325 1380 4382 lasensi

239 4414 346 4486 cogitat
364 4407 457 4477 Danb,
481 4403 580 4459 Annal.
599 4401 668 4470 phil.
688 4405 755 4455 1881
777 4417 805 4469 p.
824 4406 876 4455 261
900 4400 963 4454 coll.
982 4399 1086 4456 Athen.
1106 4400 1130 4454 X
1153 4418 1179 4470 p.
1200 4409 1265 4471 418,
1289 4407 1381 4474 quode

238 4499 273 4554 cf.
292 4495 376 4552 etiam
398 4488 504 4554 Rohde,
524 4482 569 4538 Gr.
591 4483 697 4536 Roman
717 4498 744 4549 p.
759 4485 809 4534 217
824 4483 882 4534 not.
899 4486 927 4546 1,
946 4479 1037 4550 Diels,
1056 4478 1175 4551 Doxogr.
1195 4500 1222 4552 p.
1239 4490 1297 4539 151.
