3036 5114
214 326 259 392 40
676 329 890 387 HESYCHIUS.

216 529 276 588 σας
302 505 385 576 κατά
413 507 471 588 τὰς
496 506 642 596 Ἀθήνας
669 515 861 601 Καλλινίκμ
891 515 937 603 τῷ
966 511 1131 602 διασημςο,
1165 512 1272 595 δεξιὸς
1298 512 1362 601 τὴν
1430 533 1433 538 ’

215 615 334 704 φύσιν,
357 617 412 683 καί
434 614 517 702 ὅλην
541 618 680 702 μελέτην
698 613 999 704 ἀπομνημονεύσας
1018 620 1054 686 ἐν
1074 623 1176 710 <μιᾷ>
1195 616 1363 708 άκροάσει.

215 731 349 812 τελευτᾷ
374 723 410 791 δὲ
434 725 509 802 νέος
533 724 617 791 έτιῦν
640 724 700 810 κη’.
746 730 869 811 ἔγραψε
898 725 935 792 δὲ
963 724 1079 819 λαλιὰς
1105 724 1178 813 ἤτοι
1202 729 1363 818 διαλέξεις

154 869 167 943 3
214 832 270 897 καὶ
289 831 434 924 μελέτας,
457 821 505 897 ὧν
525 832 617 898 ἐστιν
636 828 653 898 ὁ
673 829 790 911 ἄπολις
808 829 929 899 ἑαυτὸν
944 829 1182 919 ἀποκηρύττων
1201 831 1281 920 μετὰ
1299 831 1362 919 τὴν

157 974 164 994 s
188 942 282 1005 5τῶν
315 941 437 1024 Θηβῶν
469 937 701 1025 κατασκαφην,
733 937 981 1025 προπεμπτικὸν
1015 938 1098 1023 πρὸς
1129 939 1209 1021 τοὺς
1240 942 1363 1008 ἑαυτοῦ

216 1046 367 1132 ἑταίρους
391 1050 574 1135 Δᾳδοῦχον
596 1046 652 1113 καί
672 1043 932 1133 Ἀσκληπιάδην,
955 1047 1214 1133 πανηγυρικούς.

305 1153 431 1222 CLXII.
469 1155 621 1238 Γέσιος,
641 1156 912 1241 ἰατροσοφιστής,
937 1162 1100 1242 Πετραῖος
1117 1153 1155 1223 τὸ
1174 1157 1286 1241 γένος,
1307 1156 1361 1223 έπί

215 1259 382 1348 Ζήνωνος.
418 1259 573 1328 καθελὼν
594 1261 631 1328 δὲ
651 1259 791 1347 Δόμνον
810 1261 870 1329 τὸν
894 1263 1015 1330 ἑαυτοῦ
1039 1261 1258 1348 διδάσκαλον,
1279 1260 1362 1331 ’ἰου-

175 1390 177 1393 ·
215 1370 313 1434 δαῖον
347 1364 428 1434 ὄντα
460 1367 515 1434 καὶ
547 1365 627 1447 τοὺς
658 1367 810 1452 ἑταίρους
842 1372 888 1446 εἰς
920 1366 1039 1435 ἑαυτὸν
1075 1369 1362 1456 μεταστησάμενος

177 1470 333 1559 ιοὀλίγου
362 1472 502 1558 πάντας,
532 1476 681 1561 πανταχῇ
713 1475 905 1562 ἐγνωρίζετο
938 1475 992 1542 καί
1023 1478 1105 1562 μέγα
1137 1478 1232 1556 κλέος
1263 1474 1361 1564 εἶχεν.

214 1571 312 1659 οὗτος
334 1578 538 1665 κατώρθωσε
561 1580 681 1666 τέχνην
704 1583 828 1664 ἰατρῶν
851 1578 931 1647 καθ’
958 1579 1078 1648 ἑαυτὸν
1100 1580 1244 1651 πάντων.

302 1687 446 1754 CLXIII.
483 1686 681 1772 Γεεάργιος
700 1685 857 1766 διάκονος
875 1692 932 1774 της
951 1687 1095 1774 μεγάλης
1115 1689 1286 1777 ἐκκλησίας
1304 1693 1361 1759 καὶ

134 1830 140 1841 1
213 1794 440 1882 χαρτοφάλαξ,
463 1792 501 1861 τὸ
526 1796 661 1880 ἐπίκλην
686 1797 840 1879 Πισίδης.
881 1794 1064 1880 έξαημερον
1088 1792 1132 1862 δι’
1159 1795 1290 1883 ἰάμβων
1314 1803 1364 1878 εἰς

214 1907 275 1988 ἔπη
299 1907 478 1989 τρισχίλια,
506 1906 553 1980 εἰς
571 1897 768 1984 Ἡράκλειον
796 1898 856 1968 νῦν
883 1903 1020 1986 βασιλέα
1042 1903 1098 1969 καί
1126 1907 1173 1982 εἰς
1194 1902 1256 1971 τὸν
1277 1904 1362 1973 κατδι

175 2018 200 2059 ¹⁵
215 2013 358 2098 Περσῶν
377 2008 539 2094 πόλεμον,
564 2012 610 2074 ἔτι
629 2033 663 2073 τε
679 2005 851 2093 Ἀβαρικά,
869 2006 924 2074 καὶ
943 2008 1176 2095 καταλογάδην
1195 2010 1362 2098 ἐγκώμιον

213 2120 263 2195 εἰς
283 2113 343 2183 τὸν
366 2115 518 2203 μάρτυρα
539 2111 768 2181 Ἀναστάσιον.

303 2222 444 2289 CLXIV.
481 2226 652 2306 Γοργίας
674 2224 910 2305 Χαρμαντίδου
938 2227 1119 2301 Λεοντῖνος
1147 2223 1272 2311 ῥήτωρ,
1299 2251 1362 2311 μα-

129 2415 132 2420 ,
212 2327 320 2416 θητὴς
343 2330 614 2415 Ἐμπεδοκλέους,
643 2325 843 2405 διδάσκαλος
869 2327 994 2396 Πώλου
1019 2325 1278 2416 Ἀκραγαντίνου
1304 2333 1361 2399 καί

284 2550 373 2613 tuni
396 2545 463 2620 ὅλην
482 2582 517 2591 -
535 2546 670 2618 άκροάσει
695 2566 749 2604 om.
768 2549 843 2604 Eud.
899 2551 949 2626 μιᾷ
974 2568 1007 2607 ex
1025 2552 1276 2621 Pseudo-Hesyeh.
1296 2554 1362 2610 add.

214 2631 369 2700 Μτιιτείτιε,
388 2649 442 2688 rec.
463 2632 524 2687 edd.
579 2630 730 2702 3τελευτᾴ
751 2647 804 2683 om.
824 2627 856 2685 δί
876 2631 951 2688 Eud.
989 2631 1013 2701 η’
1035 2635 1083 2689 καλ
1102 2632 1169 2689 τίΔ
1197 2630 1270 2688 διττά
1289 2633 1362 2701 πρὸς

212 2718 271 2775 τοῖς
290 2714 397 2767 εἰκοσιν
415 2712 490 2766 Eud.
576 2706 754 2765 4άπολινΔ
841 2711 931 2764 5τῦν
952 2728 1005 2766 om.
1026 2717 1048 2764 Δ
1134 2711 1251 2769 θπὲντε
1272 2732 1293 2768 s.
1312 2715 1360 2772 fin,

212 2793 277 2847 add.
296 2792 386 2859 Eue,
410 2811 493 2861 quem
517 2809 662 2845 nnmerum
680 2789 783 2844 nostris
802 2789 832 2842 in
850 2788 929 2843 libris
949 2790 1078 2846 Suidnnis
1101 2809 1167 2848 casu
1185 2791 1361 2847 intercidisse

213 2873 369 2943 suspicatus
388 2876 433 2927 est
450 2873 549 2939 Dant,
567 2870 758 2925 inventionem
776 2868 916 2924 Endocise
936 2887 995 2924 esse
1015 2871 1102 2927 Pelet
1120 2891 1147 2942 p.
1167 2878 1200 2927 82

283 2954 379 3008 CLXII
400 2953 467 3007 Vita
486 2952 562 3007 Gesii
581 2950 699 3006 necessit
721 2966 754 3004 ex
773 2949 848 3002 End.
868 2967 894 3017 p.
916 2956 966 3003 170
981 2967 1038 3019 seq.
1078 2951 1118 3008 cf.
1138 2952 1198 3006 vita
1217 2950 1360 3007 Domnini.

212 3034 246 3089 V.
265 3036 373 3089 Unters.
393 3052 420 3103 p.
441 3039 473 3086 69
489 3050 544 3100 seq.
579 3031 678 3085 Suidns
702 3033 833 3098 excerpta
856 3027 996 3083 Dnnrascii
1019 3047 1053 3084 ex
1072 3032 1151 3086 Phot.
1172 3031 1239 3086 bibl.
1258 3049 1285 3101 p.
1306 3038 1358 3086 982

235 3115 332 3168 raebet

212 3131 231 3182 p
285 3191 394 3247 CLXIII
413 3208 466 3245 orn.
483 3191 619 3246 II'esterm.
648 3190 688 3244 De
702 3190 755 3242 hee
776 3187 833 3243 vite
847 3187 979 3257 Hesychii
994 3189 1052 3244 dixi
1065 3190 1136 3244 Mus.
1150 3190 1238 3246 Rhen.
1254 3191 1358 3246 XXXV

212 3293 238 3343 p.
258 3279 309 3327 229
325 3290 381 3340 seq.
419 3271 514 3342 Νοῦς,
538 3270 613 3340 qnod
636 3268 676 3323 ibi
699 3268 780 3322 nimis
800 3267 970 3322 confidenter
990 3270 1131 3338 professus
1151 3289 1224 3338 snrn,
1248 3272 1359 3327 cautius

213 3354 369 3420 obtineam,
389 3352 502 3421 Georgii
522 3351 631 3405 Pisidne
651 3348 737 3402 vitam
757 3365 812 3402 non
831 3366 864 3400 ex
886 3348 1020 3419 Hesychii
1037 3349 1174 3405 thesauris
1193 3352 1358 3420 manavisse,

213 3434 262 3489 sed
280 3433 316 3487 ab
336 3432 520 3502 epitomatore
539 3429 672 3484 addimm.
711 3425 749 3480 cf.
771 3444 795 3479 v.
817 3427 930 3491 Παῦλος
948 3424 1098 3498 Αἰγινήτης
1171 3436 1204 3485 14
1222 3433 1359 3501 τρισχίλια

213 3514 345 3568 vItiosnm
371 3529 431 3567 esse
452 3511 564 3583 putavit
586 3510 734 3575 Καείειίιο,
760 3507 891 3576 quoniam
917 3508 987 3562 illud
1014 3525 1137 3578 carmen,
1166 3510 1241 3579 qnod
1266 3510 1359 3566 adhue

212 3594 295 3649 hodie
315 3596 404 3661 extat,
431 3598 498 3648 1880
518 3608 613 3646 versus
632 3590 786 3655 contineat,
810 3590 930 3656 δισχιλια
954 3589 1023 3643 coni.
1044 3589 1200 3659 Foyps'm'us
1222 3592 1252 3645 in
1270 3593 1357 3660 praef.

212 3674 248 3726 nd
267 3673 379 3727 Pisidae
398 3688 496 3742 opera,
515 3672 564 3726 sed
582 3686 726 3724 numerum
745 3670 820 3722 reete
837 3685 866 3720 se
881 3667 996 3735 habere,
1016 3685 1077 3722 cunr
1097 3669 1187 3725 ndditi
1206 3670 1263 3725 sint
1276 3688 1358 3740 prae-

212 3755 256 3807 ter
274 3752 476 3806 Hexaemerum
496 3757 576 3818 (1880
596 3750 724 3805 ve11860
743 3746 789 3802 vel
810 3754 877 3801 1919
896 3748 1022 3802 versibus
1037 3752 1177 3816 constans)
1197 3750 1283 3804 etism
1297 3766 1357 3804 ver·

213 3849 258 3887 sus
278 3837 329 3884 262
354 3830 484 3884 carminifl
508 3829 548 3892 εἰς
567 3826 616 3883 τὸν
635 3826 756 3898 μάταιον
777 3828 852 3897 βίον,
878 3832 927 3879 731
952 3822 1025 3880 κατά
1050 3829 1203 3901 δυσσεβοῦς
1225 3824 1357 3897 Σευήρου

209 3908 387 3979 Ἀντιοχείας,
408 3917 458 3964 129
478 3908 518 3972 εἰς
536 3905 588 3977 τὴν
607 3903 693 3974 ἁγίαν
716 3906 766 3960 τοῦ
785 3907 907 3973 Χριστοῦ
935 3906 984 3960 τοῦ
1007 3906 1081 3959 θεοῦ
1101 3901 1181 3977 ἡμῶν
1200 3902 1357 3963 άνάστασιν

213 3995 294 4061 (qnae
314 3989 438 4044 carmina
456 3988 567 4042 silentio
585 3984 776 4056 praetermisit
794 3983 905 4053 Sriides)
922 3986 963 4039 ite
987 3988 1019 4039 ut
1036 3986 1193 4041 efficiantur
1211 3993 1280 4042 9002
1299 3989 1357 4055 (vel

213 4077 282 4126 2982
307 4070 351 4124 vel
373 4074 453 4136 3032)
476 4085 584 4134 versus,
611 4065 679 4119 mihi
702 4064 840 4134 persuasit
863 4065 1035 4134 θκίτοίικιίιί,
1061 4065 1109 4135 qni
1135 4070 1164 4121 et
1187 4085 1298 4123 carmen
1326 4068 1356 4123 in

213 4151 373 4208 Heraclium
393 4168 410 4203 a
428 4149 549 4203 carmine
569 4147 597 4200 in
615 4146 720 4200 bellum
737 4145 878 4200 Persicum
898 4147 1037 4200 diversum
1057 4163 1116 4200 esse
1136 4150 1211 4202 rents
1230 4149 1339 4204 monuit

214 4241 247 4290 rt
262 4228 457 4301 καταλογάδην
471 4231 543 4298 vulp.
561 4226 609 4281 καί
624 4230 718 4280 καταλ.
734 4229 811 4278 ΗΕ
830 4226 973 4282 revocavit
986 4227 1122 4280 Knsterus
1197 4234 1229 4282 16
1249 4226 1288 4291 εἰς
1305 4225 1356 4283 τὸν

214 4313 303 4385 μέγαν
320 4306 487 4365 Ἀθανάτων
506 4312 555 4359 AV

285 4379 393 4448 CLXIV
422 4389 497 4444 Εκδ.
522 4406 549 4456 p.
575 4391 638 4451 172,
665 4402 736 4453 quse
762 4387 866 4454 partim
893 4404 926 4441 ex
950 4384 1089 4455 Hesychio
1118 4402 1169 4439 sus
1197 4386 1356 4458 descripsit,

213 4475 318 4547 partim
336 4491 370 4528 ex
388 4470 549 4528 Philostrst.
569 4467 625 4521 vir.
645 4468 665 4535 I,
685 4473 700 4520 9
