<?xml version="1.0" encoding="UTF-8"?>
<!DOCTYPE html PUBLIC "-//W3C//DTD XHTML 1.0 Transitional//EN"
    "http://www.w3.org/TR/xhtml1/DTD/xhtml1-transitional.dtd">
<html xmlns="http://www.w3.org/1999/xhtml" xml:lang="en" lang="en">
 <head>
  <title>
</title>
<meta http-equiv="Content-Type" content="text/html;charset=utf-8" />
  <meta name='ocr-system' content='tesseract 3.04.00' />
  <meta name='ocr-capabilities' content='ocr_page ocr_carea ocr_par ocr_line ocrx_word'/>
</head>
<body>
  <div class='ocr_page' id='page_1' title='image "./hesychiimilesii01flacgoog_0071.png"; bbox 0 0 3036 5114; ppageno 0'>
   <div class='ocr_carea' id='block_1_1' title="bbox 245 315 958 380">
    <p class='ocr_par' dir='ltr' id='par_1_1' title="bbox 245 315 958 380">
     <span class='ocr_line' id='line_1_1' title="bbox 245 315 958 380; baseline 0.006 -6"><span class='ocrx_word' id='word_1_1' title='bbox 245 315 333 376; x_wconf 83' lang='lat' dir='ltr'>LXIV</span> <span class='ocrx_word' id='word_1_2' title='bbox 676 322 958 380; x_wconf 75' lang='lat' dir='ltr'>Psonnuouuun.</span> 
     </span>
    </p>
   </div>
   <div class='ocr_carea' id='block_1_2' title="bbox 238 486 1394 3146">
    <p class='ocr_par' dir='ltr' id='par_1_2' title="bbox 238 486 1394 3146">
     <span class='ocr_line' id='line_1_2' title="bbox 247 486 1394 577; baseline 0.006 -28"><span class='ocrx_word' id='word_1_3' title='bbox 247 507 395 550; x_wconf 79' lang='lat' dir='ltr'><strong>manasse</strong></span> <span class='ocrx_word' id='word_1_4' title='bbox 415 486 443 550; x_wconf 88' lang='lat' dir='ltr'>ei</span> <span class='ocrx_word' id='word_1_5' title='bbox 460 487 659 572; x_wconf 86' lang='lat' dir='ltr'>videbantur,</span> <span class='ocrx_word' id='word_1_6' title='bbox 677 489 697 553; x_wconf 93' lang='lat' dir='ltr'>i.</span> <span class='ocrx_word' id='word_1_7' title='bbox 713 511 738 553; x_wconf 90' lang='lat' dir='ltr'>e.</span> <span class='ocrx_word' id='word_1_8' title='bbox 757 511 795 554; x_wconf 86' lang='lat' dir='ltr'>ex</span> <span class='ocrx_word' id='word_1_9' title='bbox 811 487 1002 574; x_wconf 89' lang='lat' dir='ltr'>Sophronio,</span> <span class='ocrx_word' id='word_1_10' title='bbox 1021 487 1248 577; x_wconf 52' lang='lat' dir='ltr'>quodjsaopius</span> <span class='ocrx_word' id='word_1_11' title='bbox 1264 493 1298 556; x_wconf 91' lang='lat' dir='ltr'>in</span> <span class='ocrx_word' id='word_1_12' title='bbox 1318 492 1394 556; x_wconf 84' lang='lat' dir='ltr'>vitis</span> 
     </span>
     <span class='ocr_line' id='line_1_3' title="bbox 245 592 1392 682; baseline 0.006 -26"><span class='ocrx_word' id='word_1_13' title='bbox 245 614 283 656; x_wconf 86' lang='lat' dir='ltr'>ex</span> <span class='ocrx_word' id='word_1_14' title='bbox 307 592 496 679; x_wconf 88' lang='lat' dir='ltr'>Damascio,</span> <span class='ocrx_word' id='word_1_15' title='bbox 520 594 665 679; x_wconf 89' lang='lat' dir='ltr'>Laertio,</span> <span class='ocrx_word' id='word_1_16' title='bbox 688 594 886 662; x_wconf 81' lang='lat' dir='ltr'>Philostrato</span> <span class='ocrx_word' id='word_1_17' title='bbox 916 597 956 661; x_wconf 88' lang='lat' dir='ltr'>al.</span> <span class='ocrx_word' id='word_1_18' title='bbox 982 596 1151 682; x_wconf 79' lang='lat' dir='ltr'><strong>descriptis</strong></span> <span class='ocrx_word' id='word_1_19' title='bbox 1175 620 1248 662; x_wconf 89' lang='lat' dir='ltr'>eum</span> <span class='ocrx_word' id='word_1_20' title='bbox 1277 598 1392 663; x_wconf 84' lang='lat' dir='ltr'>fecisse</span> 
     </span>
     <span class='ocr_line' id='line_1_4' title="bbox 244 700 1391 791; baseline 0.005 -27"><span class='ocrx_word' id='word_1_21' title='bbox 244 723 342 786; x_wconf 92' lang='lat' dir='ltr'>supra</span> <span class='ocrx_word' id='word_1_22' title='bbox 374 701 475 767; x_wconf 90' lang='lat' dir='ltr'>docui.</span> <span class='ocrx_word' id='word_1_23' title='bbox 531 700 629 767; x_wconf 84' lang='lat' dir='ltr'>Cuius</span> <span class='ocrx_word' id='word_1_24' title='bbox 668 703 837 768; x_wconf 86' lang='lat' dir='ltr'>articulum</span> <span class='ocrx_word' id='word_1_25' title='bbox 872 703 951 768; x_wconf 91' lang='lat' dir='ltr'>adeo</span> <span class='ocrx_word' id='word_1_26' title='bbox 992 705 1202 790; x_wconf 79' lang='lat' dir='ltr'>neglegenter</span> <span class='ocrx_word' id='word_1_27' title='bbox 1239 706 1391 791; x_wconf 87' lang='lat' dir='ltr'>compila-</span> 
     </span>
     <span class='ocr_line' id='line_1_5' title="bbox 244 808 1391 896; baseline 0.003 -24"><span class='ocrx_word' id='word_1_28' title='bbox 244 808 299 891; x_wconf 84' lang='lat' dir='ltr'>vit,</span> <span class='ocrx_word' id='word_1_29' title='bbox 324 813 360 873; x_wconf 95' lang='lat' dir='ltr'>ut</span> <span class='ocrx_word' id='word_1_30' title='bbox 383 808 482 874; x_wconf 85' lang='lat' dir='ltr'>verba</span> <span class='ocrx_word' id='word_1_31' title='bbox 510 814 668 893; x_wconf 86' lang='lat' dir='ltr'>extrema,</span> <span class='ocrx_word' id='word_1_32' title='bbox 692 832 773 895; x_wconf 90' lang='lat' dir='ltr'>quae</span> <span class='ocrx_word' id='word_1_33' title='bbox 798 809 882 893; x_wconf 88' lang='lat' dir='ltr'>apud</span> <span class='ocrx_word' id='word_1_34' title='bbox 907 809 1391 896; x_wconf 88' lang='lat' dir='ltr'>Hieronymum-Sophronium</span> 
     </span>
     <span class='ocr_line' id='line_1_6' title="bbox 243 906 1392 1004; baseline 0.003 -25"><span class='ocrx_word' id='word_1_35' title='bbox 243 919 370 980; x_wconf 87' lang='lat' dir='ltr'>tantum</span> <span class='ocrx_word' id='word_1_36' title='bbox 400 915 440 984; x_wconf 84' lang='lat' dir='ltr'>ad</span> <span class='ocrx_word' id='word_1_37' title='bbox 473 938 572 1000; x_wconf 87' lang='lat' dir='ltr'>opera</span> <span class='ocrx_word' id='word_1_38' title='bbox 604 917 638 982; x_wconf 92' lang='lat' dir='ltr'>in</span> <span class='ocrx_word' id='word_1_39' title='bbox 661 916 797 1001; x_wconf 87' lang='lat' dir='ltr'>Moysen</span> <span class='ocrx_word' id='word_1_40' title='bbox 827 922 976 1002; x_wconf 89' lang='lat' dir='ltr'>spectant</span> <span class='ocrx_word' id='word_1_41' title='bbox 1000 916 1099 1001; x_wconf 77' lang='grc' dir='ltr'><em>(εἰσὶν</em></span> <span class='ocrx_word' id='word_1_42' title='bbox 1129 906 1208 1000; x_wconf 82' lang='grc' dir='ltr'><em>οὖν,</em></span> <span class='ocrx_word' id='word_1_43' title='bbox 1241 913 1285 995; x_wconf 83' lang='grc' dir='ltr'>ὡς</span> <span class='ocrx_word' id='word_1_44' title='bbox 1312 941 1392 1004; x_wconf 78' lang='grc' dir='ltr'><em>προ·</em></span> 
     </span>
     <span class='ocr_line' id='line_1_7' title="bbox 244 1021 1389 1108; baseline 0.003 -22"><span class='ocrx_word' id='word_1_45' title='bbox 244 1025 378 1106; x_wconf 87' lang='grc' dir='ltr'><em>είπομεν</em></span> <span class='ocrx_word' id='word_1_46' title='bbox 408 1022 555 1104; x_wconf 69' lang='grc' dir='ltr'><em>[οἰνίσκον</em></span> <span class='ocrx_word' id='word_1_47' title='bbox 582 1021 697 1089; x_wconf 87' lang='lat' dir='ltr'>Suidas</span> <span class='ocrx_word' id='word_1_48' title='bbox 727 1023 833 1089; x_wconf 82' lang='lat' dir='ltr'>dixit?</span> <span class='ocrx_word' id='word_1_49' title='bbox 864 1046 940 1089; x_wconf 92' lang='lat' dir='ltr'>nam</span> <span class='ocrx_word' id='word_1_50' title='bbox 969 1027 1081 1108; x_wconf 77' lang='grc' dir='ltr'><em>βιβλία</em></span> <span class='ocrx_word' id='word_1_51' title='bbox 1114 1021 1233 1108; x_wconf 87' lang='grc' dir='ltr'><em>άπειρα</em></span> <span class='ocrx_word' id='word_1_52' title='bbox 1262 1029 1389 1089; x_wconf 86' lang='lat' dir='ltr'>tantum</span> 
     </span>
     <span class='ocr_line' id='line_1_8' title="bbox 243 1124 1393 1216; baseline 0.004 -23"><span class='ocrx_word' id='word_1_53' title='bbox 243 1128 381 1210; x_wconf 84' lang='lat' dir='ltr'>dixerat]</span> <span class='ocrx_word' id='word_1_54' title='bbox 411 1138 577 1214; x_wconf 76' lang='grc' dir='ltr'><em>περιφανῆ</em></span> <span class='ocrx_word' id='word_1_55' title='bbox 600 1128 654 1195; x_wconf 80' lang='grc' dir='ltr'>καί</span> <span class='ocrx_word' id='word_1_56' title='bbox 682 1124 856 1216; x_wconf 79' lang='grc' dir='ltr'><em>ἀνάριθμα</em></span> <span class='ocrx_word' id='word_1_57' title='bbox 875 1128 1088 1215; x_wconf 75' lang='grc' dir='ltr'><em>συντάγματα</em></span> <span class='ocrx_word' id='word_1_58' title='bbox 1108 1163 1150 1185; x_wconf 88' lang='lat'><em>=</em></span> <span class='ocrx_word' id='word_1_59' title='bbox 1173 1138 1280 1198; x_wconf 79' lang='grc' dir='ltr'><em>οαίααλ</em></span> <span class='ocrx_word' id='word_1_60' title='bbox 1299 1132 1393 1198; x_wconf 68' lang='lat' dir='ltr'>buirus</span> 
     </span>
     <span class='ocr_line' id='line_1_9' title="bbox 239 1237 1389 1324; baseline 0.003 -23"><span class='ocrx_word' id='word_1_61' title='bbox 239 1237 404 1319; x_wconf 82' lang='lat' dir='ltr'>praeclaro</span> <span class='ocrx_word' id='word_1_62' title='bbox 426 1243 456 1302; x_wconf 85' lang='lat' dir='ltr'>et</span> <span class='ocrx_word' id='word_1_63' title='bbox 481 1238 711 1303; x_wconf 77' lang='lat' dir='ltr'>innumerabile</span> <span class='ocrx_word' id='word_1_64' title='bbox 733 1260 824 1321; x_wconf 79' lang='lat' dir='ltr'>opera</span> <span class='ocrx_word' id='word_1_65' title='bbox 848 1240 884 1304; x_wconf 85' lang='grc' dir='ltr'>ία</span> <span class='ocrx_word' id='word_1_66' title='bbox 906 1240 1039 1322; x_wconf 78' lang='lat' dir='ltr'>quiaque</span> <span class='ocrx_word' id='word_1_67' title='bbox 1061 1241 1153 1306; x_wconf 63' lang='lat' dir='ltr'>libros</span> <span class='ocrx_word' id='word_1_68' title='bbox 1176 1238 1327 1324; x_wconf 79' lang='lat' dir='ltr'>Moysi¹),</span> <span class='ocrx_word' id='word_1_69' title='bbox 1350 1240 1389 1304; x_wconf 91' lang='lat' dir='ltr'>ad</span> 
     </span>
     <span class='ocr_line' id='line_1_10' title="bbox 243 1344 1390 1412; baseline 0.003 -4"><span class='ocrx_word' id='word_1_70' title='bbox 243 1365 355 1409; x_wconf 89' lang='lat' dir='ltr'>omnes</span> <span class='ocrx_word' id='word_1_71' title='bbox 389 1346 559 1410; x_wconf 88' lang='lat' dir='ltr'>rettulerit.</span> <span class='ocrx_word' id='word_1_72' title='bbox 606 1344 698 1411; x_wconf 90' lang='lat' dir='ltr'>Unde</span> <span class='ocrx_word' id='word_1_73' title='bbox 731 1346 829 1411; x_wconf 87' lang='lat' dir='ltr'>aliam</span> <span class='ocrx_word' id='word_1_74' title='bbox 858 1347 958 1411; x_wconf 85' lang='lat' dir='ltr'>vitam</span> <span class='ocrx_word' id='word_1_75' title='bbox 987 1370 1006 1412; x_wconf 88' lang='lat' dir='ltr'>a</span> <span class='ocrx_word' id='word_1_76' title='bbox 1035 1344 1134 1412; x_wconf 87' lang='lat' dir='ltr'>Suida</span> <span class='ocrx_word' id='word_1_77' title='bbox 1161 1347 1390 1412; x_wconf 80' lang='lat' dir='ltr'>additamentis</span> 
     </span>
     <span class='ocr_line' id='line_1_11' title="bbox 242 1453 1387 1540; baseline 0.001 -23"><span class='ocrx_word' id='word_1_78' title='bbox 242 1456 371 1517; x_wconf 88' lang='lat' dir='ltr'>auctam</span> <span class='ocrx_word' id='word_1_79' title='bbox 395 1475 465 1517; x_wconf 89' lang='lat' dir='ltr'>esse</span> <span class='ocrx_word' id='word_1_80' title='bbox 489 1453 671 1537; x_wconf 88' lang='lat' dir='ltr'>suspiceris,</span> <span class='ocrx_word' id='word_1_81' title='bbox 694 1474 797 1538; x_wconf 91' lang='lat' dir='ltr'>neque</span> <span class='ocrx_word' id='word_1_82' title='bbox 822 1453 980 1519; x_wconf 88' lang='lat' dir='ltr'>absonum</span> <span class='ocrx_word' id='word_1_83' title='bbox 999 1453 1106 1537; x_wconf 82' lang='lat' dir='ltr'>fuerit,</span> <span class='ocrx_word' id='word_1_84' title='bbox 1129 1454 1157 1518; x_wconf 92' lang='lat' dir='ltr'>si</span> <span class='ocrx_word' id='word_1_85' title='bbox 1179 1454 1233 1520; x_wconf 90' lang='lat' dir='ltr'>hic</span> <span class='ocrx_word' id='word_1_86' title='bbox 1251 1476 1387 1540; x_wconf 86' lang='lat' dir='ltr'>quoque,</span> 
     </span>
     <span class='ocr_line' id='line_1_12' title="bbox 242 1558 1390 1646; baseline 0.001 -22"><span class='ocrx_word' id='word_1_87' title='bbox 242 1560 513 1646; x_wconf 91' lang='lat' dir='ltr'>quemadmodum</span> <span class='ocrx_word' id='word_1_88' title='bbox 538 1561 572 1624; x_wconf 89' lang='lat' dir='ltr'>in</span> <span class='ocrx_word' id='word_1_89' title='bbox 595 1561 747 1625; x_wconf 86' lang='lat' dir='ltr'>trecentis</span> <span class='ocrx_word' id='word_1_90' title='bbox 772 1560 860 1643; x_wconf 89' lang='lat' dir='ltr'>aliis,</span> <span class='ocrx_word' id='word_1_91' title='bbox 882 1560 984 1625; x_wconf 84' lang='lat' dir='ltr'>vitam</span> <span class='ocrx_word' id='word_1_92' title='bbox 1008 1560 1249 1645; x_wconf 84' lang='lat' dir='ltr'>Hesychianam</span> <span class='ocrx_word' id='word_1_93' title='bbox 1274 1558 1390 1626; x_wconf 87' lang='lat' dir='ltr'>Suidae</span> 
     </span>
     <span class='ocr_line' id='line_1_13' title="bbox 241 1665 1387 1752; baseline 0 -20"><span class='ocrx_word' id='word_1_94' title='bbox 241 1674 371 1752; x_wconf 88' lang='lat' dir='ltr'>praesto</span> <span class='ocrx_word' id='word_1_95' title='bbox 390 1668 490 1733; x_wconf 84' lang='lat' dir='ltr'>fuisse</span> <span class='ocrx_word' id='word_1_96' title='bbox 512 1667 727 1751; x_wconf 87' lang='lat' dir='ltr'>opinabimur.</span> <span class='ocrx_word' id='word_1_97' title='bbox 768 1666 967 1752; x_wconf 88' lang='lat' dir='ltr'>Hesychium</span> <span class='ocrx_word' id='word_1_98' title='bbox 990 1672 1099 1733; x_wconf 87' lang='lat' dir='ltr'>autam</span> <span class='ocrx_word' id='word_1_99' title='bbox 1122 1691 1188 1734; x_wconf 89' lang='lat' dir='ltr'>non</span> <span class='ocrx_word' id='word_1_100' title='bbox 1211 1689 1307 1733; x_wconf 90' lang='lat' dir='ltr'>unam</span> <span class='ocrx_word' id='word_1_101' title='bbox 1332 1665 1387 1732; x_wconf 75' lang='lat' dir='ltr'>So·</span> 
     </span>
     <span class='ocr_line' id='line_1_14' title="bbox 242 1774 1389 1860; baseline 0.001 -22"><span class='ocrx_word' id='word_1_102' title='bbox 242 1774 370 1858; x_wconf 91' lang='lat' dir='ltr'>phrouii</span> <span class='ocrx_word' id='word_1_103' title='bbox 400 1775 502 1841; x_wconf 84' lang='lat' dir='ltr'>vitam</span> <span class='ocrx_word' id='word_1_104' title='bbox 531 1775 739 1860; x_wconf 82' lang='lat' dir='ltr'>descripsisse</span> <span class='ocrx_word' id='word_1_105' title='bbox 772 1774 827 1839; x_wconf 90' lang='lat' dir='ltr'>sed</span> <span class='ocrx_word' id='word_1_106' title='bbox 855 1798 893 1839; x_wconf 84' lang='lat' dir='ltr'>ex</span> <span class='ocrx_word' id='word_1_107' title='bbox 927 1796 1016 1840; x_wconf 87' lang='lat' dir='ltr'>more</span> <span class='ocrx_word' id='word_1_108' title='bbox 1044 1775 1143 1842; x_wconf 90' lang='lat' dir='ltr'>solito</span> <span class='ocrx_word' id='word_1_109' title='bbox 1173 1775 1253 1839; x_wconf 94' lang='lat' dir='ltr'>duos</span> <span class='ocrx_word' id='word_1_110' title='bbox 1281 1774 1389 1840; x_wconf 87' lang='lat' dir='ltr'>fontes</span> 
     </span>
     <span class='ocr_line' id='line_1_15' title="bbox 241 1879 1388 1968; baseline -0.002 -21"><span class='ocrx_word' id='word_1_111' title='bbox 241 1883 338 1948; x_wconf 92' lang='lat' dir='ltr'>simul</span> <span class='ocrx_word' id='word_1_112' title='bbox 356 1882 552 1967; x_wconf 88' lang='lat' dir='ltr'>adhibuisse,</span> <span class='ocrx_word' id='word_1_113' title='bbox 571 1883 659 1948; x_wconf 90' lang='lat' dir='ltr'>hisce</span> <span class='ocrx_word' id='word_1_114' title='bbox 678 1882 878 1968; x_wconf 83' lang='lat' dir='ltr'>argumentis</span> <span class='ocrx_word' id='word_1_115' title='bbox 892 1885 1028 1947; x_wconf 90' lang='lat' dir='ltr'>constat.</span> <span class='ocrx_word' id='word_1_116' title='bbox 1059 1881 1229 1947; x_wconf 90' lang='lat' dir='ltr'>Primum</span> <span class='ocrx_word' id='word_1_117' title='bbox 1248 1879 1388 1966; x_wconf 88' lang='lat' dir='ltr'>Sophro-</span> 
     </span>
     <span class='ocr_line' id='line_1_16' title="bbox 240 1987 1389 2077; baseline -0.001 -23"><span class='ocrx_word' id='word_1_118' title='bbox 240 1990 312 2055; x_wconf 91' lang='lat' dir='ltr'>nius</span> <span class='ocrx_word' id='word_1_119' title='bbox 336 1988 385 2077; x_wconf 77' lang='lat' dir='ltr'>(et</span> <span class='ocrx_word' id='word_1_120' title='bbox 397 1987 545 2076; x_wconf 83' lang='lat' dir='ltr'>Hieron.)</span> <span class='ocrx_word' id='word_1_121' title='bbox 565 1990 721 2055; x_wconf 89' lang='lat' dir='ltr'>librorum</span> <span class='ocrx_word' id='word_1_122' title='bbox 739 1989 922 2054; x_wconf 82' lang='lat' dir='ltr'>tabulama</span> <span class='ocrx_word' id='word_1_123' title='bbox 941 1990 1183 2055; x_wconf 86' lang='lat' dir='ltr'>commentariis</span> <span class='ocrx_word' id='word_1_124' title='bbox 1202 1989 1235 2053; x_wconf 91' lang='lat' dir='ltr'>in</span> <span class='ocrx_word' id='word_1_125' title='bbox 1254 1987 1389 2072; x_wconf 86' lang='lat' dir='ltr'>Moysen</span> 
     </span>
     <span class='ocr_line' id='line_1_17' title="bbox 239 2091 1388 2184; baseline -0.003 -23"><span class='ocrx_word' id='word_1_126' title='bbox 239 2097 445 2177; x_wconf 65' lang='lat' dir='ltr'>incohat‚&#39;in</span> <span class='ocrx_word' id='word_1_127' title='bbox 464 2119 544 2184; x_wconf 89' lang='lat' dir='ltr'>quos</span> <span class='ocrx_word' id='word_1_128' title='bbox 564 2096 772 2182; x_wconf 88' lang='lat' dir='ltr'>Hesychiana</span> <span class='ocrx_word' id='word_1_129' title='bbox 796 2096 864 2161; x_wconf 88' lang='lat' dir='ltr'>vita</span> <span class='ocrx_word' id='word_1_130' title='bbox 883 2096 1009 2162; x_wconf 89' lang='lat' dir='ltr'>desinit.</span> <span class='ocrx_word' id='word_1_131' title='bbox 1046 2095 1192 2162; x_wconf 85' lang='lat' dir='ltr'>Deinde</span> <span class='ocrx_word' id='word_1_132' title='bbox 1216 2095 1290 2159; x_wconf 90' lang='lat' dir='ltr'>libri</span> <span class='ocrx_word' id='word_1_133' title='bbox 1313 2091 1388 2177; x_wconf 84' lang='grc' dir='ltr'><em>περὶ</em></span> 
     </span>
     <span class='ocr_line' id='line_1_18' title="bbox 240 2198 1386 2288; baseline -0.003 -19"><span class='ocrx_word' id='word_1_134' title='bbox 240 2204 414 2283; x_wconf 81' lang='grc' dir='ltr'><em>Μωυσέως</em></span> <span class='ocrx_word' id='word_1_135' title='bbox 428 2208 507 2287; x_wconf 92' lang='grc' dir='ltr'><em>βίου</em></span> <span class='ocrx_word' id='word_1_136' title='bbox 521 2208 554 2270; x_wconf 91' lang='lat' dir='ltr'>et</span> <span class='ocrx_word' id='word_1_137' title='bbox 569 2206 615 2281; x_wconf 83' lang='grc' dir='ltr'>είς</span> <span class='ocrx_word' id='word_1_138' title='bbox 629 2200 668 2268; x_wconf 85' lang='grc' dir='ltr'>τὰ</span> <span class='ocrx_word' id='word_1_139' title='bbox 678 2205 840 2288; x_wconf 86' lang='grc' dir='ltr'><em>χερουβίμ</em></span> <span class='ocrx_word' id='word_1_140' title='bbox 854 2202 940 2287; x_wconf 90' lang='lat' dir='ltr'>apud</span> <span class='ocrx_word' id='word_1_141' title='bbox 951 2200 1170 2286; x_wconf 87' lang='lat' dir='ltr'>Sophronium</span> <span class='ocrx_word' id='word_1_142' title='bbox 1182 2200 1230 2288; x_wconf 88' lang='lat' dir='ltr'>(et</span> <span class='ocrx_word' id='word_1_143' title='bbox 1239 2198 1386 2287; x_wconf 88' lang='lat' dir='ltr'>Hieron.)</span> 
     </span>
     <span class='ocr_line' id='line_1_19' title="bbox 241 2308 1388 2400; baseline -0.003 -23"><span class='ocrx_word' id='word_1_144' title='bbox 241 2312 373 2377; x_wconf 93' lang='lat' dir='ltr'>omuino</span> <span class='ocrx_word' id='word_1_145' title='bbox 398 2312 632 2392; x_wconf 87' lang='lat' dir='ltr'>desiderantur,</span> <span class='ocrx_word' id='word_1_146' title='bbox 657 2331 717 2375; x_wconf 90' lang='lat' dir='ltr'>nec</span> <span class='ocrx_word' id='word_1_147' title='bbox 734 2309 897 2374; x_wconf 84' lang='lat' dir='ltr'>fluxerunt</span> <span class='ocrx_word' id='word_1_148' title='bbox 921 2332 959 2400; x_wconf 84' lang='lat' dir='ltr'>ex</span> <span class='ocrx_word' id='word_1_149' title='bbox 978 2308 1096 2376; x_wconf 81' lang='lat' dir='ltr'>Euseb.</span> <span class='ocrx_word' id='word_1_150' title='bbox 1111 2309 1196 2374; x_wconf 89' lang='lat' dir='ltr'>Hist.</span> <span class='ocrx_word' id='word_1_151' title='bbox 1211 2310 1286 2375; x_wconf 87' lang='lat' dir='ltr'>ecel.</span> <span class='ocrx_word' id='word_1_152' title='bbox 1300 2333 1331 2394; x_wconf 91' lang='lat' dir='ltr'>p.</span> <span class='ocrx_word' id='word_1_153' title='bbox 1346 2309 1388 2373; x_wconf 83' lang='lat'>62</span> 
     </span>
     <span class='ocr_line' id='line_1_20' title="bbox 240 2409 1386 2504; baseline -0.004 -20"><span class='ocrx_word' id='word_1_154' title='bbox 240 2441 305 2504; x_wconf 87' lang='lat' dir='ltr'>seq.</span> <span class='ocrx_word' id='word_1_155' title='bbox 325 2417 471 2504; x_wconf 86' lang='lat' dir='ltr'>Schweg.</span> <span class='ocrx_word' id='word_1_156' title='bbox 508 2417 681 2483; x_wconf 79' lang='lat' dir='ltr'>Tertium</span> <span class='ocrx_word' id='word_1_157' title='bbox 707 2417 806 2482; x_wconf 81' lang='lat' dir='ltr'>verba</span> <span class='ocrx_word' id='word_1_158' title='bbox 830 2421 974 2484; x_wconf 83' lang='lat' dir='ltr'>extrema</span> <span class='ocrx_word' id='word_1_159' title='bbox 998 2416 1171 2503; x_wconf 91' lang='lat' dir='ltr'>Sophronii</span> <span class='ocrx_word' id='word_1_160' title='bbox 1195 2409 1216 2500; x_wconf 82' lang='grc' dir='ltr'>ἢ</span> <span class='ocrx_word' id='word_1_161' title='bbox 1241 2412 1386 2480; x_wconf 79' lang='grc' dir='ltr'><em>Πλάτων</em></span> 
     </span>
     <span class='ocr_line' id='line_1_21' title="bbox 239 2519 1387 2611; baseline -0.002 -21"><span class='ocrx_word' id='word_1_162' title='bbox 239 2529 410 2610; x_wconf 80' lang='grc' dir='ltr'><em>φιλωνίζει</em></span> <span class='ocrx_word' id='word_1_163' title='bbox 438 2519 458 2611; x_wconf 80' lang='grc' dir='ltr'><strong><em>ἢ</em></strong></span> <span class='ocrx_word' id='word_1_164' title='bbox 484 2529 599 2591; x_wconf 89' lang='grc' dir='ltr'><em>Φίλων</em></span> <span class='ocrx_word' id='word_1_165' title='bbox 627 2528 822 2604; x_wconf 80' lang='grc' dir='ltr'><em>πλατωνίζει</em></span> <span class='ocrx_word' id='word_1_166' title='bbox 851 2548 888 2591; x_wconf 83' lang='lat' dir='ltr'>ex</span> <span class='ocrx_word' id='word_1_167' title='bbox 917 2547 1005 2590; x_wconf 90' lang='lat' dir='ltr'>more</span> <span class='ocrx_word' id='word_1_168' title='bbox 1033 2546 1092 2589; x_wconf 91' lang='lat' dir='ltr'>suo</span> <span class='ocrx_word' id='word_1_169' title='bbox 1120 2525 1153 2587; x_wconf 93' lang='lat' dir='ltr'>in</span> <span class='ocrx_word' id='word_1_170' title='bbox 1182 2523 1277 2589; x_wconf 91' lang='lat' dir='ltr'>initio</span> <span class='ocrx_word' id='word_1_171' title='bbox 1300 2524 1387 2588; x_wconf 84' lang='lat' dir='ltr'>vitae</span> 
     </span>
     <span class='ocr_line' id='line_1_22' title="bbox 238 2630 1387 2718; baseline -0.003 -19"><span class='ocrx_word' id='word_1_172' title='bbox 238 2634 422 2718; x_wconf 78' lang='lat' dir='ltr'>Hesychius</span> <span class='ocrx_word' id='word_1_173' title='bbox 446 2634 564 2718; x_wconf 88' lang='lat' dir='ltr'>posuit.</span> <span class='ocrx_word' id='word_1_174' title='bbox 611 2633 799 2710; x_wconf 87' lang='lat' dir='ltr'>Quartum</span> <span class='ocrx_word' id='word_1_175' title='bbox 823 2633 928 2716; x_wconf 90' lang='lat' dir='ltr'>prima</span> <span class='ocrx_word' id='word_1_176' title='bbox 952 2632 1036 2696; x_wconf 84' lang='lat' dir='ltr'>vitae</span> <span class='ocrx_word' id='word_1_177' title='bbox 1060 2630 1287 2715; x_wconf 84' lang='lat' dir='ltr'>Hesychianae</span> <span class='ocrx_word' id='word_1_178' title='bbox 1311 2652 1387 2715; x_wconf 87' lang='lat' dir='ltr'>pars</span> 
     </span>
     <span class='ocr_line' id='line_1_23' title="bbox 238 2736 1388 2826; baseline -0.005 -18"><span class='ocrx_word' id='word_1_179' title='bbox 238 2737 471 2826; x_wconf 78' lang='grc' dir='ltr'><em>φιλοσοφήσας</em></span> <span class='ocrx_word' id='word_1_180' title='bbox 495 2738 532 2806; x_wconf 76' lang='grc' dir='ltr'>δὲ</span> <span class='ocrx_word' id='word_1_181' title='bbox 552 2778 587 2788; x_wconf 87' lang='grc'><strong>-</strong></span> <span class='ocrx_word' id='word_1_182' title='bbox 605 2737 764 2805; x_wconf 87' lang='grc' dir='ltr'><em>Πλάτωνι</em></span> <span class='ocrx_word' id='word_1_183' title='bbox 787 2761 852 2804; x_wconf 92' lang='lat' dir='ltr'>non</span> <span class='ocrx_word' id='word_1_184' title='bbox 877 2744 966 2805; x_wconf 84' lang='lat' dir='ltr'>extat</span> <span class='ocrx_word' id='word_1_185' title='bbox 990 2738 1074 2822; x_wconf 84' lang='lat' dir='ltr'>apud</span> <span class='ocrx_word' id='word_1_186' title='bbox 1099 2736 1315 2823; x_wconf 77' lang='lat' dir='ltr'>sophronium</span> <span class='ocrx_word' id='word_1_187' title='bbox 1339 2736 1388 2822; x_wconf 90' lang='lat' dir='ltr'>(et</span> 
     </span>
     <span class='ocr_line' id='line_1_24' title="bbox 238 2844 1387 2932; baseline -0.005 -18"><span class='ocrx_word' id='word_1_188' title='bbox 238 2848 350 2932; x_wconf 70' lang='lat' dir='ltr'>Hier).</span> <span class='ocrx_word' id='word_1_189' title='bbox 397 2847 465 2913; x_wconf 89' lang='lat' dir='ltr'>Nec</span> <span class='ocrx_word' id='word_1_190' title='bbox 493 2870 569 2912; x_wconf 89' lang='lat' dir='ltr'>vero</span> <span class='ocrx_word' id='word_1_191' title='bbox 601 2850 635 2911; x_wconf 92' lang='lat' dir='ltr'>in</span> <span class='ocrx_word' id='word_1_192' title='bbox 664 2846 796 2930; x_wconf 91' lang='lat' dir='ltr'>reliquis</span> <span class='ocrx_word' id='word_1_193' title='bbox 820 2846 905 2912; x_wconf 83' lang='lat' dir='ltr'>vitae</span> <span class='ocrx_word' id='word_1_194' title='bbox 933 2846 1080 2930; x_wconf 85' lang='lat' dir='ltr'>partibus</span> <span class='ocrx_word' id='word_1_195' title='bbox 1109 2869 1181 2912; x_wconf 87' lang='lat' dir='ltr'>eum</span> <span class='ocrx_word' id='word_1_196' title='bbox 1212 2844 1387 2931; x_wconf 90' lang='lat' dir='ltr'>Sophronii</span> 
     </span>
     <span class='ocr_line' id='line_1_25' title="bbox 238 2949 1387 3039; baseline -0.004 -18"><span class='ocrx_word' id='word_1_197' title='bbox 238 2960 329 3021; x_wconf 84' lang='lat' dir='ltr'>textu</span> <span class='ocrx_word' id='word_1_198' title='bbox 352 2976 486 3039; x_wconf 84' lang='lat' dir='ltr'>prorsus</span> <span class='ocrx_word' id='word_1_199' title='bbox 507 2949 714 3038; x_wconf 78' lang='lat' dir='ltr'>conspirat.²)</span> <span class='ocrx_word' id='word_1_200' title='bbox 753 2952 911 3018; x_wconf 85' lang='lat' dir='ltr'>Adhibuit</span> <span class='ocrx_word' id='word_1_201' title='bbox 935 2953 1035 3038; x_wconf 91' lang='lat' dir='ltr'>igitur</span> <span class='ocrx_word' id='word_1_202' title='bbox 1054 2952 1237 3037; x_wconf 90' lang='lat' dir='ltr'>Hesychius</span> <span class='ocrx_word' id='word_1_203' title='bbox 1260 2957 1387 3036; x_wconf 86' lang='lat' dir='ltr'>praeter</span> 
     </span>
     <span class='ocr_line' id='line_1_26' title="bbox 239 3059 1387 3146; baseline -0.003 -18"><span class='ocrx_word' id='word_1_204' title='bbox 239 3061 412 3146; x_wconf 85' lang='lat' dir='ltr'>Sophronii</span> <span class='ocrx_word' id='word_1_205' title='bbox 431 3061 568 3126; x_wconf 88' lang='lat' dir='ltr'>indicem</span> <span class='ocrx_word' id='word_1_206' title='bbox 583 3061 682 3125; x_wconf 90' lang='lat' dir='ltr'>etiam</span> <span class='ocrx_word' id='word_1_207' title='bbox 702 3060 849 3144; x_wconf 87' lang='lat' dir='ltr'>alterurn,</span> <span class='ocrx_word' id='word_1_208' title='bbox 868 3059 906 3125; x_wconf 90' lang='lat' dir='ltr'>de</span> <span class='ocrx_word' id='word_1_209' title='bbox 927 3082 991 3145; x_wconf 91' lang='lat' dir='ltr'>quo</span> <span class='ocrx_word' id='word_1_210' title='bbox 1011 3060 1097 3125; x_wconf 90' lang='lat' dir='ltr'>infra</span> <span class='ocrx_word' id='word_1_211' title='bbox 1116 3082 1219 3146; x_wconf 85' lang='lat' dir='ltr'>pauca</span> <span class='ocrx_word' id='word_1_212' title='bbox 1238 3060 1387 3126; x_wconf 91' lang='lat' dir='ltr'>monebo.</span> 
     </span>
    </p>
   </div>
   <div class='ocr_carea' id='block_1_3' title="bbox 229 3271 1385 4549">
    <p class='ocr_par' dir='ltr' id='par_1_3' title="bbox 229 3271 1383 3424">
     <span class='ocr_line' id='line_1_27' title="bbox 229 3271 1383 3344; baseline -0.001 -16"><span class='ocrx_word' id='word_1_213' title='bbox 229 3308 230 3311; x_wconf 58' lang='lat'><em>=</em></span> <span class='ocrx_word' id='word_1_214' title='bbox 311 3278 336 3342; x_wconf 85' lang='lat'>1)</span> <span class='ocrx_word' id='word_1_215' title='bbox 355 3273 417 3328; x_wconf 81' lang='lat' dir='ltr'>Nisi</span> <span class='ocrx_word' id='word_1_216' title='bbox 435 3273 464 3328; x_wconf 92' lang='lat' dir='ltr'>in</span> <span class='ocrx_word' id='word_1_217' title='bbox 484 3273 646 3343; x_wconf 83' lang='lat' dir='ltr'>Hieronymi</span> <span class='ocrx_word' id='word_1_218' title='bbox 666 3271 726 3326; x_wconf 88' lang='lat' dir='ltr'>vita</span> <span class='ocrx_word' id='word_1_219' title='bbox 745 3272 785 3328; x_wconf 85' lang='lat' dir='ltr'>sic</span> <span class='ocrx_word' id='word_1_220' title='bbox 803 3272 896 3342; x_wconf 82' lang='lat' dir='ltr'>potius</span> <span class='ocrx_word' id='word_1_221' title='bbox 915 3272 1169 3344; x_wconf 74' lang='lat' dir='ltr'>interpungendum</span> <span class='ocrx_word' id='word_1_222' title='bbox 1189 3273 1244 3327; x_wconf 82' lang='lat' dir='ltr'>est:</span> <span class='ocrx_word' id='word_1_223' title='bbox 1272 3271 1383 3327; x_wconf 72' lang='lat' dir='ltr'>Extant</span> 
     </span>
     <span class='ocr_line' id='line_1_28' title="bbox 237 3352 1354 3424; baseline -0.001 -15"><span class='ocrx_word' id='word_1_224' title='bbox 237 3354 320 3409; x_wconf 81' lang='grc' dir='ltr'><em>λιιιίασ</em></span> <span class='ocrx_word' id='word_1_225' title='bbox 334 3355 483 3424; x_wconf 79' lang='lat' dir='ltr'>praeclara</span> <span class='ocrx_word' id='word_1_226' title='bbox 501 3359 525 3409; x_wconf 82' lang='grc' dir='ltr'><em>τί</em></span> <span class='ocrx_word' id='word_1_227' title='bbox 544 3353 760 3408; x_wconf 74' lang='lat' dir='ltr'>innumerabilia</span> <span class='ocrx_word' id='word_1_228' title='bbox 778 3369 874 3422; x_wconf 82' lang='lat' dir='ltr'>opera:</span> <span class='ocrx_word' id='word_1_229' title='bbox 893 3353 924 3407; x_wconf 86' lang='grc' dir='ltr'>ιἰι</span> <span class='ocrx_word' id='word_1_230' title='bbox 942 3355 1061 3423; x_wconf 71' lang='lat' dir='ltr'>quinque</span> <span class='ocrx_word' id='word_1_231' title='bbox 1079 3352 1163 3407; x_wconf 79' lang='lat' dir='ltr'>libros</span> <span class='ocrx_word' id='word_1_232' title='bbox 1182 3352 1277 3423; x_wconf 77' lang='lat' dir='ltr'>Moysi</span> <span class='ocrx_word' id='word_1_233' title='bbox 1295 3368 1354 3422; x_wconf 87' lang='lat' dir='ltr'>seq.</span> 
     </span>
    </p>

    <p class='ocr_par' dir='ltr' id='par_1_4' title="bbox 236 3427 1385 4549">
     <span class='ocr_line' id='line_1_29' title="bbox 309 3427 1385 3504; baseline -0.004 -15"><span class='ocrx_word' id='word_1_234' title='bbox 309 3439 335 3504; x_wconf 77' lang='lat'>2)</span> <span class='ocrx_word' id='word_1_235' title='bbox 355 3433 432 3489; x_wconf 85' lang='lat' dir='ltr'>Suid.</span> <span class='ocrx_word' id='word_1_236' title='bbox 452 3434 516 3502; x_wconf 72' lang='grc' dir='ltr'><em>περὶ</em></span> <span class='ocrx_word' id='word_1_237' title='bbox 535 3429 594 3502; x_wconf 74' lang='lat' dir='ltr'>erip.</span> <span class='ocrx_word' id='word_1_238' title='bbox 610 3428 639 3486; x_wconf 84' lang='grc' dir='ltr'><em>α’</em></span> <span class='ocrx_word' id='word_1_239' title='bbox 659 3432 742 3502; x_wconf 87' lang='lat' dir='ltr'>Soph.</span> <span class='ocrx_word' id='word_1_240' title='bbox 762 3433 826 3499; x_wconf 72' lang='grc' dir='ltr'><em>περὶ</em></span> <span class='ocrx_word' id='word_1_241' title='bbox 845 3428 903 3502; x_wconf 77' lang='lat' dir='ltr'>erip.</span> <span class='ocrx_word' id='word_1_242' title='bbox 925 3434 970 3503; x_wconf 83' lang='lat' dir='ltr'>(cl.</span> <span class='ocrx_word' id='word_1_243' title='bbox 990 3436 1097 3504; x_wconf 83' lang='lat' dir='ltr'>supra),</span> <span class='ocrx_word' id='word_1_244' title='bbox 1118 3431 1194 3487; x_wconf 90' lang='lat' dir='ltr'>Suid.</span> <span class='ocrx_word' id='word_1_245' title='bbox 1211 3451 1253 3495; x_wconf 81' lang='grc' dir='ltr'>τις</span> <span class='ocrx_word' id='word_1_246' title='bbox 1271 3427 1385 3503; x_wconf 80' lang='grc' dir='ltr'><em>εὔχεται</em></span> 
     </span>
     <span class='ocr_line' id='line_1_30' title="bbox 238 3507 1384 3586; baseline -0.004 -16"><span class='ocrx_word' id='word_1_247' title='bbox 238 3514 322 3586; x_wconf 80' lang='lat' dir='ltr'>Soph.</span> <span class='ocrx_word' id='word_1_248' title='bbox 343 3510 489 3584; x_wconf 73' lang='grc' dir='ltr'>εὐχόμεθα</span> <span class='ocrx_word' id='word_1_249' title='bbox 507 3513 555 3568; x_wconf 78' lang='grc' dir='ltr'><em>καὶ</em></span> <span class='ocrx_word' id='word_1_250' title='bbox 570 3507 865 3583; x_wconf 84' lang='grc' dir='ltr'><em>άπομαρταροάμεθα,</em></span> <span class='ocrx_word' id='word_1_251' title='bbox 885 3513 960 3569; x_wconf 89' lang='lat' dir='ltr'>Suid.</span> <span class='ocrx_word' id='word_1_252' title='bbox 975 3512 1112 3581; x_wconf 74' lang='grc' dir='ltr'><em>περὶτῶν</em></span> <span class='ocrx_word' id='word_1_253' title='bbox 1125 3511 1211 3581; x_wconf 78' lang='grc' dir='ltr'><em>τριῶν</em></span> <span class='ocrx_word' id='word_1_254' title='bbox 1225 3508 1384 3582; x_wconf 75' lang='grc' dir='ltr'><em>δυνάμεων,</em></span> 
     </span>
     <span class='ocr_line' id='line_1_31' title="bbox 238 3587 1383 3665; baseline -0.002 -17"><span class='ocrx_word' id='word_1_255' title='bbox 238 3595 322 3665; x_wconf 85' lang='lat' dir='ltr'>Soph.</span> <span class='ocrx_word' id='word_1_256' title='bbox 337 3595 402 3664; x_wconf 77' lang='grc' dir='ltr'><em>περὶ</em></span> <span class='ocrx_word' id='word_1_257' title='bbox 416 3616 455 3663; x_wconf 89' lang='grc' dir='ltr'>τρ.</span> <span class='ocrx_word' id='word_1_258' title='bbox 471 3597 542 3663; x_wconf 72' lang='grc' dir='ltr'><em>συν,</em></span> <span class='ocrx_word' id='word_1_259' title='bbox 557 3592 634 3649; x_wconf 85' lang='lat' dir='ltr'>Suid.</span> <span class='ocrx_word' id='word_1_260' title='bbox 649 3592 713 3661; x_wconf 78' lang='grc' dir='ltr'><em>περὶ</em></span> <span class='ocrx_word' id='word_1_261' title='bbox 729 3589 947 3662; x_wconf 78' lang='grc' dir='ltr'><em>ἐναλλαχεισῶν,</em></span> <span class='ocrx_word' id='word_1_262' title='bbox 964 3592 1049 3662; x_wconf 88' lang='lat' dir='ltr'>Soph.</span> <span class='ocrx_word' id='word_1_263' title='bbox 1065 3591 1129 3660; x_wconf 74' lang='grc' dir='ltr'><em>περὶ</em></span> <span class='ocrx_word' id='word_1_264' title='bbox 1150 3587 1239 3647; x_wconf 68' lang='lat' dir='ltr'>trull.</span> <span class='ocrx_word' id='word_1_265' title='bbox 1255 3593 1383 3662; x_wconf 73' lang='grc' dir='ltr'><em>γραφῶν,</em></span> 
     </span>
     <span class='ocr_line' id='line_1_32' title="bbox 238 3665 1383 3746; baseline -0.003 -16"><span class='ocrx_word' id='word_1_266' title='bbox 238 3674 313 3730; x_wconf 83' lang='lat' dir='ltr'>Suid.</span> <span class='ocrx_word' id='word_1_267' title='bbox 338 3676 401 3746; x_wconf 85' lang='grc' dir='ltr'><em>βίον</em></span> <span class='ocrx_word' id='word_1_268' title='bbox 428 3671 600 3744; x_wconf 81' lang='grc' dir='ltr'><em>φιλοσόφον,</em></span> <span class='ocrx_word' id='word_1_269' title='bbox 627 3675 710 3744; x_wconf 88' lang='lat' dir='ltr'>Soph.</span> <span class='ocrx_word' id='word_1_270' title='bbox 737 3676 799 3746; x_wconf 89' lang='grc' dir='ltr'><em>βίον</em></span> <span class='ocrx_word' id='word_1_271' title='bbox 828 3673 1030 3743; x_wconf 79' lang='grc' dir='ltr'><em>φἰλοσοφικοῦ,</em></span> <span class='ocrx_word' id='word_1_272' title='bbox 1059 3672 1135 3728; x_wconf 83' lang='lat' dir='ltr'>Suid.</span> <span class='ocrx_word' id='word_1_273' title='bbox 1162 3670 1227 3738; x_wconf 80' lang='grc' dir='ltr'><em>περί</em></span> <span class='ocrx_word' id='word_1_274' title='bbox 1255 3665 1383 3740; x_wconf 81' lang='grc' dir='ltr'><em>ὀνείρων,</em></span> 
     </span>
     <span class='ocr_line' id='line_1_33' title="bbox 238 3747 1381 3826; baseline -0.002 -17"><span class='ocrx_word' id='word_1_275' title='bbox 238 3754 324 3826; x_wconf 85' lang='lat' dir='ltr'>Soph.</span> <span class='ocrx_word' id='word_1_276' title='bbox 343 3757 476 3823; x_wconf 77' lang='grc' dir='ltr'><em>περὶτοῦ</em></span> <span class='ocrx_word' id='word_1_277' title='bbox 495 3752 561 3818; x_wconf 80' lang='grc' dir='ltr'>τούς</span> <span class='ocrx_word' id='word_1_278' title='bbox 584 3749 712 3823; x_wconf 80' lang='grc' dir='ltr'><em>ὀνείρους</em></span> <span class='ocrx_word' id='word_1_279' title='bbox 735 3751 810 3823; x_wconf 84' lang='grc' dir='ltr'><em>παρά</em></span> <span class='ocrx_word' id='word_1_280' title='bbox 835 3754 908 3809; x_wconf 81' lang='grc' dir='ltr'><em>θεοῦ</em></span> <span class='ocrx_word' id='word_1_281' title='bbox 933 3754 1110 3826; x_wconf 76' lang='grc' dir='ltr'><em>πέμπεσθαι,</em></span> <span class='ocrx_word' id='word_1_282' title='bbox 1134 3752 1211 3807; x_wconf 81' lang='lat' dir='ltr'>Suid.</span> <span class='ocrx_word' id='word_1_283' title='bbox 1230 3753 1295 3822; x_wconf 78' lang='grc' dir='ltr'><em>περί</em></span> <span class='ocrx_word' id='word_1_284' title='bbox 1317 3747 1381 3807; x_wconf 83' lang='grc' dir='ltr'><em>’λον-</em></span> 
     </span>
     <span class='ocr_line' id='line_1_34' title="bbox 237 3823 1382 3907; baseline -0.004 -18"><span class='ocrx_word' id='word_1_285' title='bbox 237 3836 327 3890; x_wconf 75' lang='grc' dir='ltr'><em>δαίων</em></span> <span class='ocrx_word' id='word_1_286' title='bbox 341 3831 382 3902; x_wconf 86' lang='grc' dir='ltr'><em>α’,</em></span> <span class='ocrx_word' id='word_1_287' title='bbox 397 3837 481 3907; x_wconf 83' lang='lat' dir='ltr'>Soph.</span> <span class='ocrx_word' id='word_1_288' title='bbox 497 3835 562 3903; x_wconf 77' lang='grc' dir='ltr'><em>περὶ</em></span> <span class='ocrx_word' id='word_1_289' title='bbox 574 3832 719 3889; x_wconf 78' lang='grc' dir='ltr'><em>Ἰουδαίων</em></span> <span class='ocrx_word' id='word_1_290' title='bbox 734 3834 778 3902; x_wconf 85' lang='lat' dir='ltr'>(ci.</span> <span class='ocrx_word' id='word_1_291' title='bbox 789 3836 891 3903; x_wconf 85' lang='lat' dir='ltr'>supra),</span> <span class='ocrx_word' id='word_1_292' title='bbox 907 3833 982 3889; x_wconf 90' lang='lat' dir='ltr'>Suid.</span> <span class='ocrx_word' id='word_1_293' title='bbox 993 3832 1143 3904; x_wconf 82' lang='grc' dir='ltr'><em>περιέχειν,</em></span> <span class='ocrx_word' id='word_1_294' title='bbox 1159 3832 1244 3902; x_wconf 89' lang='lat' dir='ltr'>Soph.</span> <span class='ocrx_word' id='word_1_295' title='bbox 1256 3823 1300 3886; x_wconf 80' lang='lat' dir='ltr'>du</span> <span class='ocrx_word' id='word_1_296' title='bbox 1316 3829 1382 3900; x_wconf 77' lang='grc' dir='ltr'><em>ἔχει,</em></span> 
     </span>
     <span class='ocr_line' id='line_1_35' title="bbox 238 3910 1382 3986; baseline -0.003 -16"><span class='ocrx_word' id='word_1_297' title='bbox 238 3915 315 3973; x_wconf 84' lang='lat' dir='ltr'>Suid.</span> <span class='ocrx_word' id='word_1_298' title='bbox 333 3915 390 3970; x_wconf 83' lang='grc' dir='ltr'>τῶν</span> <span class='ocrx_word' id='word_1_299' title='bbox 409 3917 588 3986; x_wconf 79' lang='grc' dir='ltr'><em>χριστιανών,</em></span> <span class='ocrx_word' id='word_1_300' title='bbox 608 3915 692 3986; x_wconf 84' lang='lat' dir='ltr'>Soph.</span> <span class='ocrx_word' id='word_1_301' title='bbox 712 3916 767 3969; x_wconf 80' lang='grc' dir='ltr'>τῶν</span> <span class='ocrx_word' id='word_1_302' title='bbox 785 3910 929 3985; x_wconf 76' lang='grc' dir='ltr'><em>ἡμετέρων</em></span> <span class='ocrx_word' id='word_1_303' title='bbox 948 3918 1031 3984; x_wconf 76' lang='lat' dir='ltr'>(quae</span> <span class='ocrx_word' id='word_1_304' title='bbox 1045 3914 1166 3970; x_wconf 81' lang='lat' dir='ltr'>mutatio</span> <span class='ocrx_word' id='word_1_305' title='bbox 1185 3929 1251 3967; x_wconf 78' lang='lat' dir='ltr'>sane</span> <span class='ocrx_word' id='word_1_306' title='bbox 1264 3912 1382 3983; x_wconf 85' lang='lat' dir='ltr'>insignis</span> 
     </span>
     <span class='ocr_line' id='line_1_36' title="bbox 237 3986 1382 4067; baseline -0.006 -15"><span class='ocrx_word' id='word_1_307' title='bbox 237 3997 304 4066; x_wconf 80' lang='lat' dir='ltr'>eat),</span> <span class='ocrx_word' id='word_1_308' title='bbox 327 3996 363 4050; x_wconf 92' lang='lat' dir='ltr'>ad</span> <span class='ocrx_word' id='word_1_309' title='bbox 385 3997 460 4066; x_wconf 88' lang='lat' dir='ltr'>quod</span> <span class='ocrx_word' id='word_1_310' title='bbox 484 3996 655 4067; x_wconf 83' lang='lat' dir='ltr'>Sophronias</span> <span class='ocrx_word' id='word_1_311' title='bbox 680 3995 743 4051; x_wconf 85' lang='lat' dir='ltr'>add</span> <span class='ocrx_word' id='word_1_312' title='bbox 766 3994 831 4062; x_wconf 78' lang='grc' dir='ltr'><em>περὶ</em></span> <span class='ocrx_word' id='word_1_313' title='bbox 854 3986 888 4048; x_wconf 79' lang='grc' dir='ltr'><em>οὗ</em></span> <span class='ocrx_word' id='word_1_314' title='bbox 912 3992 1073 4064; x_wconf 79' lang='grc' dir='ltr'><em>ἔμπροσθεν</em></span> <span class='ocrx_word' id='word_1_315' title='bbox 1097 3995 1227 4063; x_wconf 75' lang='grc' dir='ltr'><em>εἴπομεν,</em></span> <span class='ocrx_word' id='word_1_316' title='bbox 1255 3989 1382 4046; x_wconf 77' lang='grc' dir='ltr'><em>τουτέστι</em></span> 
     </span>
     <span class='ocr_line' id='line_1_37' title="bbox 236 4069 1382 4147; baseline -0.003 -16"><span class='ocrx_word' id='word_1_317' title='bbox 236 4077 292 4131; x_wconf 82' lang='grc' dir='ltr'>τάν</span> <span class='ocrx_word' id='word_1_318' title='bbox 311 4071 474 4131; x_wconf 76' lang='grc' dir='ltr'><em>ἀποστόλων</em></span> <span class='ocrx_word' id='word_1_319' title='bbox 493 4080 540 4147; x_wconf 87' lang='lat' dir='ltr'>(sc.</span> <span class='ocrx_word' id='word_1_320' title='bbox 557 4094 579 4133; x_wconf 88' lang='lat' dir='ltr'>c.</span> <span class='ocrx_word' id='word_1_321' title='bbox 595 4081 611 4131; x_wconf 86' lang='lat'>8</span> <span class='ocrx_word' id='word_1_322' title='bbox 631 4069 702 4131; x_wconf 80' lang='grc' dir='ltr'><em>ὅθεν</em></span> <span class='ocrx_word' id='word_1_323' title='bbox 720 4074 769 4129; x_wconf 85' lang='grc' dir='ltr'><em>καλ</em></span> <span class='ocrx_word' id='word_1_324' title='bbox 784 4076 875 4129; x_wconf 80' lang='grc' dir='ltr'><em>Φίλων</em></span> <span class='ocrx_word' id='word_1_325' title='bbox 895 4069 910 4129; x_wconf 86' lang='grc' dir='ltr'><strong>ὁ</strong></span> <span class='ocrx_word' id='word_1_326' title='bbox 930 4075 987 4128; x_wconf 83' lang='grc' dir='ltr'>τάν</span> <span class='ocrx_word' id='word_1_327' title='bbox 1003 4070 1149 4129; x_wconf 77' lang='grc' dir='ltr'><em>Ἰουδαίων</em></span> <span class='ocrx_word' id='word_1_328' title='bbox 1164 4069 1382 4144; x_wconf 76' lang='grc' dir='ltr'><em>ἐλλογιμώτατος</em></span> 
     </span>
     <span class='ocr_line' id='line_1_38' title="bbox 236 4148 1380 4229; baseline -0.005 -18"><span class='ocrx_word' id='word_1_329' title='bbox 236 4151 311 4227; x_wconf 72' lang='grc' dir='ltr'><em>ὁρῶν</em></span> <span class='ocrx_word' id='word_1_330' title='bbox 331 4151 362 4210; x_wconf 80' lang='grc' dir='ltr'>ἐν</span> <span class='ocrx_word' id='word_1_331' title='bbox 378 4151 570 4229; x_wconf 71' lang='grc' dir='ltr'><em>Ἀλεξανδρείᾳ</em></span> <span class='ocrx_word' id='word_1_332' title='bbox 589 4152 702 4224; x_wconf 81' lang='grc' dir='ltr'><em>πράτην</em></span> <span class='ocrx_word' id='word_1_333' title='bbox 721 4150 871 4225; x_wconf 71' lang='grc' dir='ltr'><em>ἐκκλησίαν</em></span> <span class='ocrx_word' id='word_1_334' title='bbox 886 4153 926 4210; x_wconf 78' lang='grc' dir='ltr'>ἔτι</span> <span class='ocrx_word' id='word_1_335' title='bbox 939 4151 1146 4221; x_wconf 73' lang='grc' dir='ltr'><em>Ἰουθαίζονσαν</em></span> <span class='ocrx_word' id='word_1_336' title='bbox 1161 4148 1264 4207; x_wconf 80' lang='grc' dir='ltr'><em>ὦσανελ</em></span> <span class='ocrx_word' id='word_1_337' title='bbox 1279 4149 1320 4214; x_wconf 77' lang='grc' dir='ltr'>είς</span> <span class='ocrx_word' id='word_1_338' title='bbox 1334 4149 1380 4206; x_wconf 77' lang='grc' dir='ltr'>ἔκ-</span> 
     </span>
     <span class='ocr_line' id='line_1_39' title="bbox 236 4231 1379 4307; baseline -0.005 -15"><span class='ocrx_word' id='word_1_339' title='bbox 236 4256 319 4293; x_wconf 83' lang='grc' dir='ltr'><em>αικον</em></span> <span class='ocrx_word' id='word_1_340' title='bbox 341 4237 390 4292; x_wconf 77' lang='grc' dir='ltr'><em>τοτ’</em></span> <span class='ocrx_word' id='word_1_341' title='bbox 416 4235 522 4292; x_wconf 89' lang='grc' dir='ltr'><em>οίκείον</em></span> <span class='ocrx_word' id='word_1_342' title='bbox 547 4236 651 4298; x_wconf 79' lang='grc' dir='ltr'><em>ἔθνους</em></span> <span class='ocrx_word' id='word_1_343' title='bbox 668 4237 765 4307; x_wconf 79' lang='grc' dir='ltr'><em>βίβλον</em></span> <span class='ocrx_word' id='word_1_344' title='bbox 783 4237 848 4305; x_wconf 77' lang='grc' dir='ltr'><em>περὶ</em></span> <span class='ocrx_word' id='word_1_345' title='bbox 866 4237 915 4305; x_wconf 78' lang='grc' dir='ltr'>τῆς</span> <span class='ocrx_word' id='word_1_346' title='bbox 932 4232 1040 4290; x_wconf 76' lang='grc' dir='ltr'><em>τούτων</em></span> <span class='ocrx_word' id='word_1_347' title='bbox 1063 4233 1228 4303; x_wconf 75' lang='grc' dir='ltr'><em>συναγωγῆς</em></span> <span class='ocrx_word' id='word_1_348' title='bbox 1246 4231 1379 4302; x_wconf 78' lang='grc' dir='ltr'><em>συνεγρά-</em></span> 
     </span>
     <span class='ocr_line' id='line_1_40' title="bbox 236 4313 1379 4388; baseline -0.003 -16"><span class='ocrx_word' id='word_1_349' title='bbox 236 4320 337 4388; x_wconf 65' lang='lat' dir='ltr'>waso),</span> <span class='ocrx_word' id='word_1_350' title='bbox 359 4315 434 4371; x_wconf 85' lang='lat' dir='ltr'>Suid.</span> <span class='ocrx_word' id='word_1_351' title='bbox 453 4317 518 4385; x_wconf 84' lang='grc' dir='ltr'><em>περί</em></span> <span class='ocrx_word' id='word_1_352' title='bbox 531 4319 595 4388; x_wconf 88' lang='grc' dir='ltr'><em>βίου</em></span> <span class='ocrx_word' id='word_1_353' title='bbox 608 4314 800 4386; x_wconf 73' lang='grc' dir='ltr'><em>θεωρητικοῦ,</em></span> <span class='ocrx_word' id='word_1_354' title='bbox 818 4316 882 4384; x_wconf 80' lang='grc' dir='ltr'><em>περί</em></span> <span class='ocrx_word' id='word_1_355' title='bbox 897 4313 1011 4383; x_wconf 71' lang='grc' dir='ltr'><em>ἱκετῶν,</em></span> <span class='ocrx_word' id='word_1_356' title='bbox 1031 4314 1115 4384; x_wconf 87' lang='lat' dir='ltr'>Soph.</span> <span class='ocrx_word' id='word_1_357' title='bbox 1135 4313 1199 4381; x_wconf 77' lang='grc' dir='ltr'><em>περὶ</em></span> <span class='ocrx_word' id='word_1_358' title='bbox 1215 4315 1278 4386; x_wconf 89' lang='grc' dir='ltr'><em>βίον</em></span> <span class='ocrx_word' id='word_1_359' title='bbox 1292 4316 1379 4382; x_wconf 87' lang='grc' dir='ltr'><em>θεωρ.</em></span> 
     </span>
     <span class='ocr_line' id='line_1_41' title="bbox 237 4391 1380 4468; baseline -0.003 -16"><span class='ocrx_word' id='word_1_360' title='bbox 237 4395 338 4454; x_wconf 80' lang='grc' dir='ltr'><em>ίκετῶν</em></span> <span class='ocrx_word' id='word_1_361' title='bbox 353 4397 463 4465; x_wconf 85' lang='lat' dir='ltr'>(Euseb.</span> <span class='ocrx_word' id='word_1_362' title='bbox 480 4415 507 4467; x_wconf 91' lang='lat' dir='ltr'>p.</span> <span class='ocrx_word' id='word_1_363' title='bbox 522 4403 556 4452; x_wconf 79' lang='grc'>63</span> <span class='ocrx_word' id='word_1_364' title='bbox 572 4397 698 4468; x_wconf 86' lang='lat' dir='ltr'>Schweg.</span> <span class='ocrx_word' id='word_1_365' title='bbox 713 4401 799 4465; x_wconf 88' lang='grc' dir='ltr'><em>θεωρ.</em></span> <span class='ocrx_word' id='word_1_366' title='bbox 819 4391 836 4467; x_wconf 79' lang='grc' dir='ltr'><em>ἢ</em></span> <span class='ocrx_word' id='word_1_367' title='bbox 856 4395 980 4463; x_wconf 82' lang='grc' dir='ltr'><em>ίκετάκ),</em></span> <span class='ocrx_word' id='word_1_368' title='bbox 999 4394 1100 4463; x_wconf 85' lang='lat' dir='ltr'>quibus</span> <span class='ocrx_word' id='word_1_369' title='bbox 1118 4392 1202 4463; x_wconf 80' lang='lat' dir='ltr'>Soph.</span> <span class='ocrx_word' id='word_1_370' title='bbox 1218 4392 1300 4448; x_wconf 87' lang='lat' dir='ltr'>addit</span> <span class='ocrx_word' id='word_1_371' title='bbox 1316 4413 1380 4449; x_wconf 89' lang='grc' dir='ltr'><em>του-</em></span> 
     </span>
     <span class='ocr_line' id='line_1_42' title="bbox 237 4470 1241 4549; baseline -0.006 -16"><span class='ocrx_word' id='word_1_372' title='bbox 237 4477 343 4549; x_wconf 74' lang='grc' dir='ltr'><em>τέστιν,</em></span> <span class='ocrx_word' id='word_1_373' title='bbox 362 4471 406 4533; x_wconf 83' lang='grc' dir='ltr'>ὅτι</span> <span class='ocrx_word' id='word_1_374' title='bbox 424 4474 458 4532; x_wconf 87' lang='grc' dir='ltr'>τά</span> <span class='ocrx_word' id='word_1_375' title='bbox 479 4474 635 4547; x_wconf 66' lang='grc' dir='ltr'><em>ἐπουράνια</em></span> <span class='ocrx_word' id='word_1_376' title='bbox 655 4473 813 4544; x_wconf 72' lang='grc' dir='ltr'><em>άτενίζονσι</em></span> <span class='ocrx_word' id='word_1_377' title='bbox 831 4478 880 4533; x_wconf 77' lang='grc' dir='ltr'>καί</span> <span class='ocrx_word' id='word_1_378' title='bbox 898 4472 945 4534; x_wconf 70' lang='lat' dir='ltr'>del</span> <span class='ocrx_word' id='word_1_379' title='bbox 963 4470 1096 4545; x_wconf 75' lang='grc' dir='ltr'><em>εὔχονται</em></span> <span class='ocrx_word' id='word_1_380' title='bbox 1114 4475 1152 4547; x_wconf 79' lang='grc' dir='ltr'>τῷ</span> <span class='ocrx_word' id='word_1_381' title='bbox 1171 4475 1241 4545; x_wconf 78' lang='grc' dir='ltr'><em>θεῷ.</em></span> 
     </span>
    </p>
   </div>
   <div class='ocr_carea' id='block_1_4' title="bbox 0 0 1522 5114">
    <p class='ocr_par' dir='ltr' id='par_1_5' title="bbox 0 0 1522 5114">
     <span class='ocr_line' id='line_1_43' title="bbox 0 0 1522 5114; baseline 0 2"><span class='ocrx_word' id='word_1_382' title='bbox 0 0 1522 5114; x_wconf 95' lang='lat' dir='ltr'> </span> 
     </span>
    </p>
   </div>
  </div>
 </body>
</html>
