3036 5114
613 321 829 379 HESYCHIUS.
1250 315 1290 378 31

144 489 200 557 καὶ
230 486 376 577 Μάρκου
404 487 459 554 καί
481 483 684 553 Ἀντωνίνου
710 487 779 552 τῶν
805 481 988 569 βασιλέων,
1016 479 1070 546 καὶ
1098 475 1294 564 ἀξιωμάτων

146 593 341 683 μεταλαβὼν
373 594 428 661 καὶ
459 594 572 680 μέχρις
604 588 709 659 αὐτοῦ
742 594 803 657 τοῦ
835 586 1035 671 ὑπατεῦσαι,
1066 584 1156 653 καθά
1190 605 1293 670 φησιν

140 701 344 784 Ἑλικώνιος
363 701 418 769 διὰ
438 698 500 788 τὴν
519 704 577 786 τῆς
594 703 747 777 παιδείας
767 695 946 781 δεξιότητα,
981 699 1103 782 ἔγραψε
1124 691 1160 758 δὲ
1181 697 1294 777 βιβλία

37 844 41 849 ·
149 811 342 897 παμπληθῆ.

237 917 334 984 CXV.
369 913 657 1000 Ἀρτεμίδωρος
676 909 871 990 Δαλδιανός
894 907 1004 998 (πόλις
1023 909 1064 976 δέ
1080 909 1147 976 ἐστι
1169 911 1321 986 Λυδίαςι

146 1021 347 1112 ἡΔάλδις),
369 1020 565 1107 φιλόσοφος.
603 1024 748 1105 ἔγραψεν
770 1016 1014 1106 όνειροκριιικά
1033 1018 1070 1083 ἐν
1089 1021 1231 1101 βιβλίοις
1252 1015 1292 1098 δ’,

150 1126 395 1199 οίωνοσκοπικίι
418 1127 474 1194 καί
497 1124 740 1214 χειροσκοπικά.

238 1219 351 1305 CXVI.
387 1234 611 1321 Ἀρχέδικος
629 1231 779 1320 κωμικός.
816 1237 884 1301 τῶν
905 1231 1082 1320 δραμάτων
1103 1229 1207 1299 αὐτοῦ
1227 1231 1295 1297 ἔστι

152 1343 326 1432 Θησαυρὸς
358 1344 413 1410 καὶ
443 1339 706 1427 Διαμαρτάνων,
739 1336 991 1430 ιδςᾎβήναιός
1021 1361 1126 1426 φησιν
1159 1340 1196 1406 ἐν
1227 1352 1298 1416 τοῖς

151 1461 464 1537 Δειπνοσοφισταῐς.
1311 1472 1337 1511 ιο

240 1560 373 1626 CXVII.
407 1554 615 1643 Ἀρχέλαος
641 1552 895 1641 Ἀπολλοδώρου
923 1553 943 1640 ἢ
973 1553 1159 1637 Μύδωνος,
1189 1551 1298 1640 Μιλή-

151 1685 223 1746 σιος
241 1664 440 1751 φιλόσοφος,
460 1660 601 1749 φυσικὸς
619 1660 681 1748 τὴν
701 1665 830 1745 αἵρεσιν
849 1666 996 1747 κληθείς,
1016 1659 1066 1729 ὅτι
1086 1658 1151 1728 άπδ
1168 1660 1298 1739 Ἰωνίας

151 1775 281 1861 πρῶτος
308 1770 369 1858 τὴν
399 1774 621 1857 φυσιολογίαν
646 1767 786 1855 ἤγαγεν,
813 1767 1041 1854 Ἀναξαγόρου
1063 1765 1215 1854 μαθητὴς
1238 1771 1298 1835 τοῦ

61 1870 109 1881 ’
152 1883 393 1966 Κλαζομενίου·
413 1881 473 1945 τοῦ
494 1876 530 1944 δὲ
549 1874 701 1963 μαθητὴς
716 1875 908 1963 Σωκράτης,
928 1879 963 1944 οί
980 1875 1016 1942 δὲ
1035 1875 1089 1941 καὶ
1108 1872 1299 1959 Εὐριπίδην

152 1992 266 2072 φασίν.
312 1985 468 2065 συνέταξε
493 1983 530 2051 δὲ
553 1989 777 2069 φυσιολογίαν
799 1984 854 2050 καὶ
877 1981 1008 2064 ἐδόξαζε
1032 1980 1069 2050 ιό
1094 1986 1225 2048 δίκαιον
1243 1981 1298 2047 καί
1315 2008 1340 2048 ιε

152 2092 290 2180 αἰσχρὸν
311 2090 352 2179 οῦ
360 2090 471 2179 φάσει
495 2088 593 2175 εἶναι,
617 2087 700 2181 άλλά
712 2089 824 2182 νόμω.
855 2091 1023 2169 ’συνέταξε
1042 2090 1097 2156 καί
1116 2087 1200 2157 άλλα
1214 2088 1299 2158 τινά.

240 2200 386 2266 CXVIII.
430 2194 657 2284 Ἀρχίβιος
681 2193 923 2280 Ἀπολλωνίου,
956 2196 1190 2283 γραμματικός.
1231 2200 1299 2264 τῶν
1331 2236 1337 2297 χ
1448 2238 1451 2243 -

157 2308 374 2393 Καλλιμάχου
397 2303 659 2392 ἐπιγραμμάτων
676 2303 841 2390 ἐξήγησιν.

242 2415 356 2481 CXIX.
377 2411 437 2500 Ἀρ
443 2417 483 2500 χί
485 2418 506 2498 β
515 2438 574 2491 ιος
589 2416 802 2498 Πτολεμαίου
817 2411 1003 2491 Λευκάδιος
1021 2407 1299 2500 ἢἈλεξανδρεῦς,

45 2557 104 2588 μοι
153 2520 376 2609 γραμματικὸς
412 2523 480 2587 τῶν
518 2520 579 2598 ἕως
620 2521 788 2605 Τραϊανοῦ
825 2522 887 2586 τοῦ
923 2525 1094 2606 Καίσαρος
1125 2521 1162 2587 ἐν
1189 2516 1298 2608 Ῥώμη
1313 2551 1340 2591 ω

153 2626 421 2696 παιδευσάντων.
630 2615 639 2630 ’

242 2735 338 2802 CXX.
373 2730 601 2820 Ἀρχιγὲνης
627 2737 806 2818 Φιλίππου,
828 2729 989 2819 Ἀπαμεὺς
1012 2739 1151 2821 Συρίας,
1176 2732 1299 2822 ἰατρός,

56 2896 72 2911 ‚f
96 2884 112 2905 ι,
155 2839 306 2927 μαθητὴς
321 2839 514 2927 Ἀγαθίνου,
539 2840 590 2907 ἐπὶ
614 2844 783 2926 Τραϊανοῦ
809 2838 984 2925 ίαιρεύσας
1007 2838 1178 2930 ε’νῬαίμη,
1204 2841 1300 2928 βιοὺς

156 2952 210 3035 ἔτη
234 2947 286 3033 ξγ’
311 2949 366 3016 καὶ
390 2947 585 3036 συγγράψας
607 2945 713 3014 πολλὰ
738 2947 868 3034 ίαιρικά
890 2974 925 3015 τε
948 2947 1004 3015 καί
1027 2951 1161 3035 φυσικά.

242 3057 361 3122 XXXI.
388 3053 621 3144 ’Ἀρχιμήδης
647 3054 863 3141 Τραλλιανός,
883 3055 1078 3143 φιλόσοφος.
1116 3055 1296 3146 ὑπόμνημα
1312 3088 1337 3127 ω

156 3158 382 3249 είςὌμηρον,
407 3161 474 3253 Ικαὶ
498 3161 688 3251 μηχανικάΙ.

229 3311 242 3357 1
261 3300 405 3360 Ἀντωνίου
425 3310 447 3357 Δ
464 3301 528 3361 Ἅνι.
549 3305 598 3360 καὶ
617 3309 675 3359 Μα.
695 3305 781 3360 Daub
857 3313 873 3360 2
893 3308 942 3362 καί
960 3309 1024 3364 fort.
1044 3308 1194 3363 delendum

161 3390 176 3437 3
196 3382 303 3455 ἔγραψε
324 3402 377 3440 om.
397 3385 429 3440 δὲ
449 3386 524 3444 Eud.

228 3464 301 3520 CXV
320 3465 396 3520 Eud.
416 3484 442 3534 p.
461 3472 509 3521 127
585 3473 600 3520 5
621 3465 738 3533 Δάλδις,
757 3463 838 3529 πόλις
856 3471 924 3524 Λυδ.
940 3469 1016 3523 Eud.

228 3542 315 3598 CXVI
334 3546 409 3601 Ειιδ.
428 3565 455 3616 p.
473 3553 530 3601 110.
559 3546 600 3601 Cf.
615 3545 744 3601 Meineke
759 3547 770 3599 I
784 3566 811 3616 p.
826 3553 890 3612 4583
907 3548 1006 3616 Daub,
1025 3550 1060 3603 de
1080 3550 1155 3605 Suid.
1175 3568 1201 3619 p.
1218 3555 1269 3604 483

157 3632 173 3681 9
188 3626 217 3680 in
232 3626 401 3681 vocabulum
416 3629 483 3696 Θηι.
500 3628 604 3682 desinit
616 3627 692 3682 Eud.
748 3629 848 3683 Athen.
864 3628 914 3682 VH
928 3647 956 3698 p.
970 3635 1021 3683 202
1037 3633 1066 3683 et
1079 3635 1141 3700 294,
1156 3631 1193 3685 XI
1207 3648 1233 3699 p.
1249 3636 1300 3684 407

158 3712 191 3759 10
208 3706 342 3761 Αδυοσλίλ
360 3707 461 3762 saidas
480 3708 598 3762 alteram
618 3707 767 3762 Archedici
785 3706 873 3764 vibam
893 3725 926 3763 ex
944 3709 1042 3780 Polyb.
1061 3710 1126 3779 XII,
1147 3717 1180 3765 13
1199 3710 1301 3765 descri-

157 3787 248 3855 ptam,
269 3803 340 3855 quae
359 3788 444 3842 etiam
464 3788 494 3841 in
513 3788 669 3842 Violarium
687 3788 820 3858 migravit

227 3865 327 3921 CXVII
355 3875 386 3923 ll
407 3865 548 3931 Μίδωνος
565 3873 587 3920 2
606 3886 680 3924 man.
695 3870 707 3923 1
725 3873 755 3924 et
772 3869 853 3939 Diog.
874 3869 911 3936 11,
932 3877 964 3924 10
993 3872 1129 3933 Μίδωνος
1147 3872 1219 3941 plur.
1239 3872 1301 3925 libr.

157 3949 186 4000 et
205 3947 268 4002 edd.
326 3955 358 4002 14
378 3944 538 4018 Εὐριπίδην
557 3967 626 4005 corr.
646 3949 783 4004 Κιιείιναε
802 3945 958 4020 Εὐριπίδης
976 3956 998 4003 Δ
1018 3948 1176 4020 Εὐριπίδου
1192 3955 1267 4023 ,vulp

228 4028 341 4084 CXVIII
360 4030 436 4085 Εαδ.
456 4049 482 4100 p.
500 4037 549 4085 109
625 4028 783 4099 lemma*
803 4031 865 4085 add.
881 4031 957 4087 Εαδ.

227 4111 314 4166 CXIX
332 4110 408 4165 Eud.
427 4128 454 4179 p.
473 4116 522 4164 109
542 4112 590 4164 καὶ
605 4108 698 4178 ἕτερος
712 4114 777 4165 ante
794 4107 861 4182 Ἀρχ.
877 4112 939 4170 αδδ
955 4113 1031 4170 Eud.
1086 4122 1120 4170 20
1141 4116 1302 4184 ΤραῖνοῦΔ

228 4189 300 4244 CXX
320 4190 396 4246 Eud.
410 4206 437 4258 p.
456 4198 506 4245 110
560 4196 593 4243 22
614 4192 672 4244 Φιλ.
689 4191 737 4245 καί
752 4187 884 4263 Ἀπαμ.Δ
905 4186 1042 4250 Φιλίππου
1057 4193 1120 4258 νίός
1138 4197 1188 4250 τοῦ
1203 4195 1300 4264 ίαιροῦ

156 4257 234 4324 Eud.
253 4271 304 4339 τῆς
321 4270 366 4324 vel
391 4266 423 4324 ἐκ
442 4273 509 4338 Συρ.
530 4270 615 4325 Daub
677 4269 774 4342 ἰατροῦ
797 4268 889 4341 Ἀγαθ.
909 4271 1040 4344 μαθητὴς
1059 4274 1133 4330 Eud.
1198 4282 1232 4328 24
1251 4271 1301 4344 πγ’

157 4351 233 4407 Eud.
303 4345 478 4420 κάλ’ἕγραωε
498 4351 575 4406 Eud.

228 4431 314 4487 CXXI
333 4429 408 4487 Eud.
428 4450 455 4501 p.
473 4439 522 4486 127
613 4438 647 4486 20
671 4432 719 4487 καὶ
744 4436 783 4497 είς
807 4455 886 4498 τινας
908 4436 962 4493 τοῦ
979 4430 1130 4498 Πλάτωνος
1151 4433 1303 4504 διαλόγους

157 4512 220 4568 αδδ.
241 4513 330 4578 Εαιί,
354 4530 425 4581 quae
450 4511 535 4567 verba
558 4513 594 4566 ab
614 4515 751 4584 Hesychio
773 4515 947 4570 abiudicavit
966 4517 1063 4584 Daub,
1088 4517 1302 4571 commentarios
