3036 5114
167 271 209 336 ετ
296 230 299 235 ’
630 272 844 329 Ηαετιαιοε.

33 460 66 521 ·;'
166 430 272 518 αύτήν
292 431 464 513 ἐδόξασαν.
492 424 535 519 ήν
555 432 593 500 δὲ
613 431 776 513 ἐποποιός.
805 439 949 520 ἔγραψεν
967 429 1152 527 ᾘλακάτην
1170 433 1312 531 (ποίημα

14 524 58 603 ’Ϊι
91 558 96 568 ·
167 540 206 607 δέ
232 542 321 607 ἐστιν
350 541 1045 633 diffluit]‚,2„012A}³9‚t'5⁶‚,<5ffl{mj22‚fi'ffl
1071 540 1128 635 τ’).
1179 541 1312 627 ἐποίησε
1332 586 1336 593 ·

168 647 204 715 δὲ
233 648 289 715 καὶ
313 644 549 734 ἐπιγράμματα.
594 652 729 738 τελευτᾷ
752 648 923 735 παρθένος
946 648 1232 728 ἐννεακαιδεκίτις.
1279 649 1315 714 οί

111 818 114 829 ,
168 754 205 822 δὲ
230 759 335 842 στίχοι
359 751 462 840 αύτής
486 757 670 842 ἐκρίθησαν
694 764 761 823 ίσοι
779 752 919 846 Ὁμήρῳ.
955 747 1000 842 ήν
1019 754 1056 822 δέ
1080 755 1192 843 ἑταίρα
1216 760 1309 821 Σαπ-
1327 790 1344 827 ι,
1368 792 1393 827 ιε

112 880 131 928 ·.
143 883 156 923 ι
170 864 256 950 φούς
279 861 334 928 καὶ
357 856 553 948 όμόχρονος.

259 986 440 1055 CCCXXV.
463 981 676 1072 Ἡρόδοτος
692 985 805 1069 Λύξου
818 988 874 1054 καὶ
889 983 1314 1075 ΔρυοῦςρΑλικαρνασσεδς

168 1097 236 1162 τῶν
260 1094 444 1179 ἐπιφανῶν,
467 1092 522 1159 καὶ
546 1091 695 1180 ἀδελφὸν
719 1091 864 1181 ἐσχηκός
887 1093 1074 1183 Θεόδωρον.
1115 1094 1251 1181 μετέστη
1276 1091 1311 1163 δ’

170 1203 207 1270 ἐν
226 1198 331 1290 Σάμῳ
355 1196 411 1266 διὰ
431 1197 608 1287 Λύγδαμιν
627 1198 687 1268 τὸν
706 1198 772 1270 άπὸ
789 1199 993 1288 Ἀρτεμισίας
1010 1206 1123 1288 τρίτον
1142 1200 1313 1289 τύραννον

170 1306 354 1395 γενόμενον
372 1303 646 1393 Ἁλικαρνασσοῦ.
691 1312 892 1395 Πισίνδηλις
920 1307 983 1394 γὰρ
1010 1299 1053 1394 ήν
1076 1306 1150 1388 υίὸς
1171 1305 1314 1396 Ἀρτεμι-

132 1439 158 1476 1⁰
171 1421 255 1500 σίας,
278 1419 340 1484 τού
364 1414 401 1482 δὲ
420 1415 663 1502 Πισινδήλιδος
683 1418 864 1504 Λύγδαμις.
910 1418 961 1500 [ἐν
986 1407 1048 1484 ούν
1071 1419 1111 1505 τή
1131 1415 1236 1508 Σάμῳ
1259 1416 1315 1484 καί

169 1521 230 1609 τήν
250 1520 328 1590 ίάδα
346 1520 480 1610 ἠσκήθη
502 1522 687 1610 διάλεκτον,
706 1524 762 1591 καὶ
781 1530 927 1611 ἔγραψεν
945 1525 1096 1611 ἱστορίαν
1116 1526 1153 1592 ἐν
1172 1529 1317 1612 βιβλίοις

169 1629 216 1715 θ’,
244 1628 427 1717 ἀρξάμενος
456 1628 520 1699 άπὸ
551 1631 671 1718 Κύρου
697 1635 759 1700 τοῦ
781 1633 918 1719 Πέρσου
944 1632 1000 1700 καί
1022 1630 1228 1700 Κανδαύλου
1253 1634 1316 1699 τού

172 1741 294 1806 Λυδῶν
319 1738 502 1824 βασιλέως]
550 1736 662 1807 ἐλθόιν
686 1738 723 1807 δέ
747 1743 793 1818 είς
812 1735 1074 1826 Ἁλικαρνασσὸν
1099 1738 1155 1806 καὶ
1177 1735 1238 1806 τδν
1259 1737 1315 1807 τύ-

172 1873 300 1932 ραννον
325 1844 489 1931 ἐξελάσας,
514 1845 625 1933 ἐπειδή
649 1843 793 1934 ὕστερον
817 1843 906 1914 εἶδεν
930 1843 1050 1914 ἑαυτὸν
1073 1845 1317 1933 φθονούμενον

133 1975 158 2014 ¹⁵
173 1950 237 2021 ὑπὸ
267 1957 336 2021 τῶν
360 1958 522 2040 πολιτῶν,
551 1959 598 2034 είς
620 1952 656 2022 τό
681 1952 830 2041 Θούριον
854 1952 1107 2041 άποικιζόμενον
1130 1950 1196 2022 ὑπὸ
1219 1951 1317 2040 Ἀθη-

172 2066 277 2130 ναίων
318 2059 497 2148 ἐθελοντής
528 2053 628 2149 ήλθε,
665 2060 761 2130 κάκεῐ
790 2060 987 2148 τελευτήσας
1018 2061 1071 2129 ἐπὶ
1103 2065 1161 2148 τῆς
1192 2058 1318 2146 άγορᾶς

172 2171 343 2238 τέθαπται.
396 2169 485 2249 τινές
522 2168 558 2237 δὲ
595 2169 632 2236 ἐν
664 2171 808 2248 Πέλλαις
844 2165 948 2236 αὐτὸν
978 2173 1174 2256 τελευτήσαί
1203 2188 1318 2257 φασιν.

173 2276 416 2364 ἐπιγράφονται
440 2275 477 2344 δέ
501 2278 536 2344 οί
557 2274 652 2361 λόγοι
675 2272 782 2344 αὐτοῦ
801 2278 950 2344 Μοῦσαι.

263 2401 461 2470 OOOXXVL
493 2398 685 2488 Ἡροφίλα
713 2397 733 2487 ή
759 2400 814 2468 καὶ
838 2405 990 2486 Σίβυλλα
1011 2397 1211 2487 Ἐρυθραία,
1239 2407 1318 2467 Θεο-

132 2533 159 2571 ιο
174 2510 287 2595 δοόρου
300 2507 463 2596 θυγάτηρ.
492 2513 614 2595 ἔγραψε
632 2513 746 2595 βιβλία
766 2506 811 2594 γ’,
830 2505 971 2594 μαντικὰ
992 2509 1121 2586 ἐπικῶς,
1140 2507 1195 2574 καὶ
1211 2497 1318 2593 ήλθεν

173 2620 220 2694 είς
237 2612 368 2703 Ῥώμην
387 2618 512 2695 ἐντοῖς
530 2614 665 2703 χρόνοις
682 2618 750 2683 τῶν
769 2611 917 2699 ὑπάτων,
944 2613 1039 2682 άλλοι
1059 2614 1096 2681 δὲ
1118 2619 1319 2699 Ταρκυνίου,
1343 2598 1360 2630 ς’

174 2725 321 2791 δοκούσα
345 2721 677 2811 χρηματισθήσεσθαι
702 2719 746 2788 δι’
769 2719 890 2790 αὐτῶν.
937 2718 981 2801 ὦς
1011 2720 1047 2788 δὲ
1070 2719 1319 2807 κατεφρονήθη,

172 2828 232 2910 τὰς
254 2828 289 2916 β’
309 2831 488 2898 κατέκαυσε
511 2834 660 2916 βίβλους,
684 2824 724 2908 άς
745 2829 800 2896 καὶ
824 2834 939 2916 ἔτυχεν
964 2829 1195 2917 ἐπιφερομένη.
1229 2851 1320 2914 περι-

174 2936 286 3023 εούθη
309 2936 345 3005 δὲ
365 2934 385 3023 ή
405 2935 502 3023 λοιπή
529 2941 599 3022 μία,
618 2933 689 3020 ήτις
707 2935 762 3002 καλ.
780 2932 869 3021 παρὰ
888 2938 957 3002 τῶν
972 2932 1144 3021 Ῥωμαίων
1164 2932 1319 3022 ἐξωνήθη

135 3070 161 3107 25
175 3046 303 3112 πολλοῦ
324 3041 513 3130 τιμήματος.

175 3206 200 3242 ν.
214 3188 307 3255 Τήνος
321 3186 408 3241 restit.
426 3187 516 3255 Τηνία
532 3182 603 3239 vidit
616 3183 723 3252 Rohde,
738 3186 808 3241 Mus.
823 3184 910 3242 Rhen.
919 3161 1035 3239 XXXIV
1050 3204 1078 3256 p.
1088 3190 1152 3252 569;
1168 3185 1202 3239 cf.
1218 3184 1319 3254 Bergk,

175 3267 252 3321 Ροελ.
273 3267 335 3336 Lyr.
355 3286 381 3336 p.
402 3272 453 3321 928
539 3271 555 3319 3
575 3265 606 3319 δὲ
627 3282 680 3319 om.
699 3269 775 3318 nv
799 3263 912 3335 ἐποίησε
936 3284 992 3335 seq.
1011 3266 1151 3322 recentius
1174 3268 1237 3320 orta
1259 3282 1320 3320 οειο

175 3363 230 3401 non
249 3347 380 3416 probavit
398 3347 496 3412 Daub,
516 3344 563 3415 qui
582 3345 669 3399 etiam
688 3350 812 3400 extrema
830 3346 917 3401 verba
935 3348 1051 3422 τελευτᾷ
1070 3363 1125 3416 seq.
1152 3364 1185 3400 ex
1204 3345 1319 3401 Anthol.

175 3428 233 3498 lp.
253 3434 304 3482 135
323 3429 410 3482 serius
435 3428 528 3482 efficta
550 3428 639 3497 putat.
679 3426 718 3480 cf.
739 3426 843 3496 Bergk,
863 3427 880 3481 l.
902 3443 924 3482 ο.
944 3446 971 3497 p.
987 3433 1038 3481 926
1111 3420 1253 3496 4Ὁμήρῳ
1270 3430 1320 3478 BV

176 3515 235 3570 τοῖς
250 3503 372 3578 Ὁμήρου
390 3510 462 3578 οιιέμ.
479 3508 516 3561 W
515 3512 616 3562 esterm.

250 3587 392 3643 CCCXXV
412 3589 494 3643 Phot.
508 3587 575 3642 bibl.
592 3605 618 3657 p.
635 3593 675 3641 19.
705 3585 744 3640 Of.
760 3584 948 3655 Daub,stud.
963 3605 990 3656 p.
1006 3592 1040 3640 36
1095 3591 1155 3639 6v.
1173 3581 1320 3648 Πανύασις

177 3668 313 3723 Herodoti
333 3671 422 3722 mater
436 3663 514 3722 Ῥοιύ
529 3670 646 3722 vocatur
701 3663 946 3735 β’λρτεμααίαςν
964 3661 1127 3736 Ἀρτεμίαςθ
1188 3668 1319 3721 9Πιτίν-

177 3751 260 3815 δηλος
278 3754 301 3799 V
384 3755 416 3802 10
436 3764 493 3817 seq.¹
514 3748 616 3802 Suidae
631 3746 726 3801 deberi
739 3748 822 3816 putat
839 3747 998 3801 θκίεελικίδ
1081 3751 1112 3798 12
1133 3745 1182 3799 τού
1203 3747 1320 3815 Περσῶν

178 3832 226 3895 (sc.
246 3827 389 3896 βασιλέως)
410 3828 479 3883 coni.
500 3829 597 3895 Ιλαιιδ,
618 3827 666 3882 sed
685 3828 718 3882 cf.
739 3833 774 3895 (v.
795 3823 974 3896 Δημοκήδης)
994 3828 1118 3893 Δαρείου
1137 3825 1187 3879 τοῦ
1207 3825 1319 3894 Πέρσου

178 3910 213 3963 al.
284 3914 316 3962 15
336 3903 391 3962 ὑπὸ
411 3912 507 3962 οιη.Δ
580 3911 612 3961 18
633 3903 829 3976 ἐπεγράφοντο
847 3913 877 3961 V.
915 3906 955 3960 Cf.
977 3925 1000 3960 v.
1021 3901 1191 3975 Θεόπομπος
1210 3901 1268 3974 όητ.

251 3987 407 4042 CCCXXVI
426 4003 479 4042 om.
497 3987 632 4043 Westerm.
671 3987 711 4042 cf.
732 4004 757 4040 v.
777 3987 902 4058 Σίβυλλα
924 3981 1088 4047 Ἀπόλλωνος
1107 3986 1137 4040 ελ
1154 3983 1260 4052 Mansa,
1284 3985 1319 4040 de

178 4071 347 4138 Sibyllarum
367 4067 423 4121 ind.
443 4086 469 4137 p.
488 4071 523 4120 28
542 4070 600 4122 not.
620 4074 654 4122 66
746 4072 777 4120 19
797 4068 884 4119 Σίλλα
902 4061 1073 4133 Ἐρυθραίου
1087 4069 1111 4117 V
1201 4070 1234 4118 22
1255 4084 1319 4134 γρη-

178 4144 407 4222 μαιισθήτεσθαι
425 4152 448 4200 Δ
466 4149 539 4216 υαίρ,
558 4147 778 4216 χρηματίσασθαι
797 4147 902 4200 Βελλεν
974 4151 1007 4197 23
1031 4140 1081 4206 τὰς
1099 4141 1150 4213 μὲν
1169 4146 1240 4214 υιιίγ.
1267 4143 1319 4214 μὲν

179 4250 233 4287 om.
252 4234 353 4283 Am
442 4224 598 4280 κατέκαυσε
617 4231 640 4279 Δ
664 4225 816 4314 κατέφλεξε
835 4227 907 4297 υιιλη.
932 4224 977 4279 hic
999 4223 1029 4278 in
1051 4240 1138 4293 marg.
1156 4229 1179 4275 V
1203 4222 1316 4295 legitur:

180 4355 241 4411 οἷον
259 4354 408 4427 συμβαίνει
427 4347 457 4418 ἐξ
479 4346 649 4420 άκροτεξίας
672 4352 727 4404 τών
746 4318 762 4420 ,δή
780 4346 855 4405 κακά
872 4342 1091 4422 ἀποβλεπόντων
1109 4349 1166 4401 τῶν
1184 4343 1319 4417 κρατούν-

179 4455 235 4491 των
254 4432 324 4504 πρός
342 4430 376 4489 τά
398 4429 470 4487 καλά
