3036 5114
610 310 824 366 HESYCHIUS.
1244 311 1284 374 21

142 479 268 543 λωνίου
294 474 349 542 καὶ
378 472 502 563 μητρὸς
528 478 698 553 πολίτιδος
724 476 791 542 τῶν
820 474 1010 559 ἐπιφανῶν,
1041 470 1082 540 δν
1110 474 1237 542 κύουσα
1265 470 1286 560 ἡ

142 583 249 669 μήτηρ
273 582 451 651 ἐπιστάντα
470 585 615 668 δαίμονα
635 580 809 665 ἐθεάσατο,
834 583 973 666 λέγοντα
993 577 1038 660 ῶς
1056 578 1157 660 αὐτὸς
1174 590 1225 668 εἴη
1246 576 1286 649 ὃν

141 688 229 775 κύει,
266 687 352 757 εἶναι
389 688 425 757 δὲ
459 689 600 777 Πρωτέα
632 687 692 756 τὸν
725 690 925 774 Αίγύπτιον,
962 686 1047 757 ὅθεν
1079 686 1287 775 ὑπειλῆφθαι

142 794 247 865 αὐτὸν
276 799 440 885 Πρωτέως
469 795 555 864 εἶναι
582 794 669 864 νίόν.
715 795 769 862 καὶ
797 793 918 882 ἤκμαζε
946 795 1007 882 μὲν
1036 796 1087 863 ἐπὶ
1112 800 1288 864 Κλαυδίου

141 905 198 972 καὶ
223 911 328 973 Γαίου
350 906 406 972 καλ
430 906 590 991 Νέρωνος
607 904 664 970 καὶ
686 905 781 991 μέχρι
804 903 932 988 Νέρβα,
956 900 1009 988 ἐφ’
1031 893 1073 970 οὗ
1095 903 1150 971 καλ
1172 905 1314 990 μετήλ-ε

141 1016 251 1098 λαξεν,
274 1010 438 1098 ἐσιώπησε
463 1011 500 1080 δὲ
519 1009 602 1080 κατὰ
620 1009 833 1098 Πυθαγόραν
851 1011 947 1077 πέντε
968 1014 1032 1096 ἔτη.
1069 1007 1138 1078 εἶτα
1160 1008 1287 1097 ἀπῆρεν

142 1125 189 1200 είς
207 1128 392 1206 Αἴγυπτον,
416 1124 525 1187 ἔπειτα
544 1122 591 1198 είς
611 1122 801 1204 Βαβυλῶνα
820 1116 904 1204 πρὸς
922 1115 1001 1197 τοὺς
1019 1116 1156 1204 μάγους,
1179 1114 1286 1184 κάκεῖ-

141 1237 207 1297 θεν
229 1229 281 1296 ἐπὶ
304 1224 383 1306 τοὺς
395 1224 552 1315 Ἄραβας,
578 1226 633 1293 καὶ
657 1228 801 1312 συνῆξεν
824 1227 859 1292 ἐκ
883 1223 1019 1292 πάντων
1042 1224 1082 1292 τά
1105 1231 1209 1314 μυρία
1230 1225 1286 1292 καὶ

140 1335 215 1422 περὶ
234 1333 339 1404 αὐτοῦ
358 1332 577 1422 θρυλούμενα
596 1331 862 1420 μαγγανεύματα.
896 1332 1053 1410 συνέταξε
1072 1331 1109 1398 δὲ
1127 1335 1286 1400 τοσαῦτα·

142 1441 272 1525 τελετάς
285 1439 306 1530 ἢ
321 1442 396 1529 περὶ
410 1444 555 1527 θυσιῶν,
575 1439 756 1527 διαθήκην,
775 1438 954 1526 χρησμούς,
970 1437 1152 1524 ἐπιστολάς,
1167 1446 1286 1506 Πυθα·
1301 1469 1327 1508 ιο

142 1549 249 1638 γάρου
269 1555 357 1636 βίον.

229 1658 373 1725 LXXXI.
398 1653 657 1734 Ἀπολλῶνιος
680 1654 791 1739 ἕτερος
822 1651 979 1738 Τυανεύς,
1000 1653 1187 1741 φιλόσοφος
1205 1653 1285 1722 νεῶ-

102 1798 115 1821 ·,
141 1791 249 1852 τερος,
277 1761 425 1851 γεγονῶς
452 1762 504 1831 έπλ
525 1759 705 1850 Ἀδριανοῦ
732 1765 792 1829 τοῦ
823 1762 1000 1847 βασιλέως,
1028 1759 1084 1850 ῶς
1095 1758 1285 1852 ’ᾼγρέσφων

145 1873 181 1970 ἐν
203 1876 249 1965 τῷ
272 1872 347 1958 περλ
371 1868 570 1959 ὁμωνύμων.

229 1981 391 2048 LXXXII.
426 1977 634 2057 Ἀππιανός
657 1978 706 2065 (οἱ
728 1976 765 2045 δέ
789 1975 845 2044 διά
867 1980 929 2045 τοῦ
953 1975 1029 2056 ἑνὸς
1051 2003 1075 2043 π
1093 1977 1285 2064 γράφουσιν
1300 2006 1325 2043 ιτ

137 2085 304 2176 Ἀπιανός)
329 2082 450 2174 [ὄνομα
473 2085 602 2173 κύριον.
644 2076 741 2164 οὗτος
765 2083 783 2152 δ
805 2081 982 2164 Ἀππιανὸς
1005 2088 1127 2170 ἔγραφε
1146 2082 1282 2172 Ῥωμαί-

139 2192 202 2281 miv
230 2197 399 2281 ίστορίαν,
426 2193 489 2280 τὴν
511 2193 722 2280 καλουμένην
745 2191 932 2278 βασιλικήν.
977 2192 1094 2259 καλαί
1114 2192 1175 2279 μὲν
1198 2208 1285 2281 τρεῖς

140 2306 250 2387 βίβλοι
271 2299 456 2369 Ἀππιιινοῦ
484 2303 521 2368 αἱ
545 2303 674 2387 πρῶται
697 2298 1007 2386 περιλαμβάνουσιν
1030 2297 1092 2367 ὅσα
1111 2298 1285 2387 Ῥωμαίοις
1323 2384 1328 2392 ¹

25 2470 28 2476 ε
141 2406 399 2495 ἀγωνιζομένοις
431 2409 464 2487 ές
488 2404 674 2485 Ἰταλιώτας
706 2411 753 2474 ἔτι
785 2406 859 2493 περὶ
893 2404 995 2494 ἀρχῆς
1021 2407 1077 2474 καὶ
1107 2405 1286 2495 ἡγεμονίας

139 2515 304 2602 ἐπράχθη
324 2512 386 2582 ὅσα
406 2511 437 2581 δ’
455 2512 541 2601 ἀμφὶ
560 2513 622 2601 τὴν
638 2512 781 2582 Ἰταλίαν
800 2512 884 2582 ἀλλα
899 2521 1026 2583 Κελτοί
1039 2541 1074 2582 τε
1091 2516 1146 2582 καὶ
1161 2521 1284 2601 Λίβυες
1297 2544 1324 2584 so

141 2621 288 2709 ἔδρασάν
310 2647 344 2689 τε
366 2622 423 2689 καλ
447 2626 587 2707 ἔπαθον,
611 2622 666 2689 καλ
689 2630 723 2689 εί
741 2627 776 2689 τί
795 2647 862 2689 που
880 2622 935 2689 καὶ
953 2626 1012 2708 τῆς
1028 2620 1167 2700 Ἰταλίας
1185 2622 1285 2709 μέρος

138 2727 300 2816 ἀνάγκαις
322 2723 343 2815 ἢ
367 2729 518 2814 ἐνέδραις
540 2724 561 2815 ἢ
584 2727 727 2808 πλάναις
750 2729 783 2807 ἐς
805 2725 927 2808 αὐτοὺς
950 2732 1122 2815 μετέθετο,
1153 2731 1191 2795 έν
1213 2742 1284 2807 τοίς

138 2836 213 2924 περὶ
237 2838 374 2904 Κελτῶν
397 2836 452 2903 καὶ
476 2835 625 2921 Λιβύων.
671 2838 915 2923 συγγέγραπται
940 2835 972 2903 δ’
993 2833 1046 2924 ἐφ’
1068 2837 1196 2906 ἑαυτῶν
1220 2833 1282 2903 ὅσα

137 2945 193 3012 καὶ
221 2946 254 3025 ές
281 2941 339 3023 τάς
366 2943 549 3030 ἐμφυλίους
569 2940 742 3030 Ῥωμαίων
771 2941 903 3023 στάσεις
930 2940 950 3030 ἡ
978 2941 1098 3012 Ἰταλία
1128 2948 1283 3032 διηρείτο.

139 3055 187 3118 ἔτι
213 3048 292 3130 τοὺς
319 3048 402 3138 πρὸς
430 3048 593 3135 Κελτούς,
625 3052 773 3118 τουτέστι
802 3050 1011 3138 Γερμανούς,
1045 3057 1080 3119 οἳ
1108 3049 1193 3138 ἀμφὶ
1220 3050 1281 3119 τὸν
1295 3080 1321 3119 ιε

134 3154 255 3244 Ῥῆνον
277 3154 428 3243 ποταμόν
452 3159 553 3242 εἰσιν,
581 3157 636 3224 καὶ
659 3155 737 3237 τοὺς
761 3157 926 3243 Γαλάτας,
950 3158 1098 3226 τουτέστι
1121 3157 1282 3244 Γάλλους,

139 3264 304 3350 πολέμους
330 3263 385 3329 καὶ
411 3261 470 3342 τὰς
497 3267 603 3343 αίτίας
631 3261 758 3349 αὐτῶν,
786 3263 849 3332 ὅσα
874 3291 909 3332 τε
933 3270 1102 3353 συνθῆκαι
1124 3266 1179 3334 καλ
1203 3286 1282 3335 σνν-

138 3374 256 3457 θητιῶν
278 3369 480 3456 παραβάσεις
502 3367 524 3456 ἢ
548 3369 785 3451 ἐπαναστάσεις
807 3374 963 3458 ἐγένοντο
984 3377 1120 3442 Κελτῶν
1145 3376 1206 3454 ἕως
1229 3375 1280 3442 έπί

137 3479 198 3546 τοῦ
220 3482 253 3545 Γ
248 3482 338 3562 αΐου,
364 3474 383 3564 ἡ
406 3476 544 3567 τετάρτη
568 3482 684 3562 βίβλος
706 3478 848 3565 περιέχει
873 3483 1095 3565 συλλαβοῦσα.
1137 3485 1167 3548 εί
1190 3477 1231 3550 δέ
1250 3487 1285 3548 τί

136 3607 203 3650 που
231 3583 353 3651 Κελτοὶ
381 3584 426 3672 μὴ
453 3583 535 3652 κατά
563 3583 734 3671 πρόφασιν
763 3589 888 3653 οίκείαν
917 3583 1002 3654 ἀλλά
1031 3592 1281 3675 συμμαχοῦντες
1295 3617 1322 3656 το

137 3748 367 3824 μαγγανεύματα.
405 3755 499 3809 Pauca
517 3754 664 3824 descripsit
682 3754 917 3826 Pseudo-Hesyct.
937 3765 990 3812 o.1
1078 3764 1094 3812 4
1114 3752 1161 3812 ἐπὶ
1181 3762 1211 3812 Γ.
1233 3760 1281 3813 καὶ

137 3834 187 3887 Κλ.
205 3831 291 3888 Dauo
383 3841 416 3888 10
442 3833 490 3887 καλ
513 3829 583 3889 ἄλλα
606 3832 694 3890 πολλὰ
718 3835 781 3890 odd.
801 3836 886 3906 Eud„
911 3839 975 3907 post
1001 3839 1063 3910 βίον
1087 3836 1222 3894 nonnullo
1247 3857 1280 3894 ox

139 3909 303 3967 Philostrati
322 3911 381 3967 vita
399 3911 543 3981 Apollonii
562 3914 625 3971 odd.
645 3916 749 3971 δαίδων

209 3992 323 4048 LXXXI
340 3992 453 4063 ignorat
471 3992 548 4048 Euo.
611 4002 643 4050 13
661 3992 826 4067 Ἀργεσιφῶν
845 4015 914 4053 oorr.
929 3998 1083 4065 Νίττεεολε,
1101 3998 1171 4054 Mus.
1190 3999 1278 4054 Rhen.

137 4071 229 4128 XXIV
241 4090 270 4143 p.
283 4079 335 4128 227
352 4069 501 4143 ’Λγεσιφῶν
516 4074 638 4129 tentavit
651 4075 753 4147 Rotae,
768 4078 837 4133 Mus.
853 4079 939 4133 Rhen.
951 4077 1066 4133 XXXIV
1081 4098 1107 4149 p.
1119 4087 1169 4135 621
1185 4068 1279 4150 not'2,

134 4147 300 4225 ’λγερσιφῶν
320 4173 381 4210 oum
400 4156 438 4209 Κ.
453 4155 545 4210 Κιίλίο
564 4155 675 4222 Masso,
694 4158 785 4228 Biogr.
806 4178 832 4228 p.
848 4165 882 4213 54
896 4161 954 4214 not.

208 4235 336 4292 LXXXII
364 4235 404 4291 Of.
418 4234 628 4303 Mendelssohn,
640 4236 710 4293 Mus.
726 4240 812 4294 Rhen.
828 4239 917 4294 XXXI
932 4258 959 4309 p.
975 4247 1025 4297 201
1038 4258 1096 4310 seq.
1153 4247 1185 4295 15
1204 4239 1234 4295 οί
1246 4241 1278 4297 δὲ

137 4333 196 4386 seq.
214 4317 269 4372 huo
288 4317 325 4372 ab
344 4319 409 4372 exit.
427 4320 479 4372 art.
498 4320 665 4389 transposui.
726 4328 757 4375 16
777 4321 817 4376 Ι)ε
835 4321 1028 4378 additamento
1043 4321 1184 4389 uberiore,
1203 4322 1278 4389 quod
1299 4348 1353 4379 ι

137 4397 240 4453 Suidae
260 4396 386 4467 debetur,
405 4399 463 4453 disi
477 4398 547 4453 Mus.
563 4401 649 4454 Rhen.
665 4401 766 4456 XXXV
781 4421 808 4470 p.
824 4408 875 4455 204
921 4398 1012 4472 ὄνομα
1028 4435 1058 4442 -
1074 4398 1125 4457 'Am
1140 4420 1193 4457 om.
1204 4407 1278 4455 BEV

136 4469 221 4542 οὗτος
238 4495 294 4548 seq.
314 4479 400 4536 habet
414 4484 437 4531 Δ
454 4479 483 4534 in
497 4498 585 4551 marg.
