3036 5114
603 323 818 381 PRAEFATIO.
1260 326 1284 381 V

138 490 214 554 duxi
241 490 412 556 nonnullas
441 489 615 572 addidisse,
648 511 729 573 quae
756 488 895 554 fortasse
925 488 1079 573 Hesychii
1106 510 1171 554 non
1200 493 1284 572 sunt,

140 602 237 664 quam
255 580 336 644 alias
360 577 520 662 omisisse,
545 600 625 663 quas
644 600 716 642 vere
735 576 960 662 Hesychianas
984 601 1053 644 esse
1077 577 1130 643 hic
1153 579 1205 643 vel
1228 579 1283 643 ille

139 669 269 734 sentiat.

228 758 373 823 Tertium
397 758 534 842 denique
559 757 747 822 uncinorum
766 778 867 843 genus
886 756 1002 822 inillis
1021 757 1096 822 vitis
1117 757 1284 841 collocavi,

139 848 255 933 quibus
278 850 386 933 plures
409 847 461 911 vel
481 847 622 912 eiusdem
645 846 785 911 nominis
809 847 859 910 vel
878 846 1088 911 similitudine
1108 868 1282 933 congruan-

138 938 180 1002 tis
203 937 379 1022 scriptores
403 936 553 1003 confusos
577 958 646 1000 esse
670 935 860 1000 certissimis
889 935 1033 1000 concludi
1057 939 1166 1020 potest
1189 957 1289 1022 argu.

138 1027 270 1110 mentis,
292 1026 420 1092 lineolis
444 1026 635 1110 simpliciter
654 1024 750 1089 rectis
770 1020 776 1112 Ι
823 1047 913 1107 usus,
937 1026 1064 1110 siquae
1086 1024 1127 1089 ad
1146 1026 1282 1090 alterurn

139 1116 363 1202 cognominem
383 1119 545 1199 spectant,
562 1114 735 1198 duplicatis
755 1109 770 1201 ΙΙ
790 1109 820 1201 Ι,
844 1136 925 1199 quae
946 1114 985 1180 ad
1003 1115 1148 1198 tertium,
1173 1137 1282 1200 quam·

138 1228 234 1290 quam
258 1205 420 1290 plerisque
443 1204 522 1269 locis
541 1203 741 1287 Hesychiine
759 1203 860 1268 lateat
881 1224 970 1269 error
993 1226 1034 1267 an
1057 1204 1282 1288 epitomatoris

140 1316 181 1359 an
203 1295 305 1378 ipsius
325 1292 442 1358 Suidae
466 1316 505 1357 au
530 1292 666 1377 denique
689 1293 813 1356 librarii
835 1293 971 1357 alicuius
990 1294 1059 1358 iure
1083 1297 1192 1376 potest
1216 1316 1282 1358 am·

138 1383 220 1469 bigi3
247 1386 281 1448 at
303 1382 501 1467 Hesychium
524 1383 631 1466 ipsum
656 1403 780 1446 errasse
803 1381 921 1466 ubique
945 1383 1011 1446 fere
1033 1383 1200 1465 probabile
1225 1388 1283 1448 est

138 1471 224 1549 Quas
244 1472 352 1556 omisi,
375 1472 639 1557 quotiescunque,
662 1471 851 1554 praesertim
875 1493 947 1535 cum
972 1472 1028 1536 alii
1051 1471 1140 1536 aliud
1163 1493 1282 1556 expun-

137 1561 257 1645 xerint,
279 1584 348 1625 rem
371 1583 435 1625 non
460 1561 540 1625 satis
564 1559 691 1625 firmam
715 1582 785 1625 esse
808 1565 1010 1644 perspectam
1031 1561 1207 1641 habebam,
1231 1583 1282 1625 ve-

138 1651 201 1734 lut,
224 1655 261 1715 ut
282 1672 381 1715 uuum
406 1651 538 1714 afferam
562 1649 757 1733 exemplum,
780 1651 814 1714 in
837 1648 1004 1714 Theonum
1030 1650 1114 1714 vitis.
1328 1667 1331 1675 '

225 1738 398 1804 Difficilius
422 1743 530 1803 autem
554 1745 625 1803 erat
644 1738 800 1822 iudicatu,
824 1761 981 1823 quaenam
1005 1741 1154 1805 vitarum
1171 1739 1282 1805 Suida-

137 1852 252 1895 narum
274 1832 383 1912 partes
407 1829 521 1892 merito
540 1824 705 1911 Hesychio
729 1827 961 1893 abiudicandae
986 1830 1063 1912 sint,
1088 1851 1283 1914 quamquam

136 1919 214 1983 illae
238 1918 366 2003 quidem
390 1918 501 1982 multis
524 1917 559 1980 in
585 1915 730 1982 articulis
755 1915 905 1981 Suidanis
929 1940 948 1981 a
976 1918 1097 1983 criticis
1127 1919 1176 1982 vel
1204 1942 1282 2003 pau·

137 2008 237 2093 lisper
267 2008 302 2072 in
334 2006 385 2072 his
418 2007 660 2092 quaestionibus
689 2006 825 2070 versatis
854 2006 923 2071 sine
956 2028 1074 2091 magno
1103 2029 1198 2092 opere
1230 2008 1283 2072 de·

138 2098 246 2162 notari
269 2100 415 2182 possunt.
456 2095 529 2182 Ipse
554 2095 698 2180 equidem
722 2093 803 2160 Mus.
827 2093 929 2160 Rhen.
948 2094 1072 2161 XXXV
1091 2119 1121 2179 p.
1139 2097 1198 2161 191
1218 2119 1282 2181 seq.

139 2208 293 2272 magnum
318 2185 610 2250 additamentorum
634 2205 802 2249 numerum
831 2185 1011 2250 examinavi
1040 2208 1141 2270 eaque
1165 2209 1184 2250 a
1207 2186 1282 2250 vitis

136 2274 353 2360 Hesychianis
378 2275 516 2357 seiunxi,
540 2274 624 2359 quod
650 2273 792 2338 officium
811 2278 925 2357 postea
945 2275 1042 2339 etiam
1057 2274 1168 2358 Daub,
1191 2273 1281 2339 Stud.
1314 2334 1321 2341 .

137 2365 336 2449 p.124saq.
361 2363 472 2428 eadem
496 2384 560 2446 qua
583 2364 667 2427 solet
684 2363 872 2446 prolixitate
896 2364 1068 2446 praestitit.
1110 2362 1155 2427 Et
1173 2385 1279 2428 meam

137 2453 399 2518 dissertationem
423 2458 456 2516 et
475 2451 606 2535 Daubii,
630 2451 735 2536 quoad
755 2452 860 2536 potui,
881 2454 1070 2536 priusquam
1094 2452 1134 2516 ad
1158 2457 1281 2518 textum
1411 2486 1415 2493 ·

137 2541 294 2625 Hesychii
325 2541 558 2607 restituendum
590 2540 734 2624 adhibui,
767 2546 915 2606 accurate
947 2546 1167 2624 perscrutatus
1201 2564 1281 2606 sum.

136 2631 221 2696 Illud
255 2653 331 2696 vero
363 2652 448 2695 nuuc
480 2652 531 2694 me
564 2630 679 2694 culdere
714 2634 856 2714 oportet,
897 2630 981 2714 quod
1017 2631 1114 2695 nimis
1155 2631 1281 2717 neglexi

136 2720 218 2785 Mus.
241 2720 343 2786 Rhen.
366 2720 388 2784 l.
408 2742 435 2785 c.
459 2717 575 2784 Suidae
600 2718 685 2783 enim
703 2719 878 2784 nonnullas
898 2719 981 2783 vitas
1004 2719 1282 2804 philosophorum,

136 2809 288 2894 quoniam
317 2813 469 2893 exparte
497 2809 560 2894 legi
591 2809 689 2872 etiam
719 2807 803 2890 apud
827 2806 960 2873 Cedren.
982 2807 998 2871 Ι
1022 2831 1051 2892 p.
1071 2809 1136 2873 270
1156 2830 1202 2892 sq.
1227 2807 1280 2893 (cf.

136 2921 217 2984 quae
236 2897 355 2964 contuli
374 2898 603 2982 Anaxagorae,
628 2896 876 2980 Anaximandri,
896 2895 1057 2983 Thaletis)
1077 2898 1215 2980 ostendi,
1233 2899 1281 2962 ita

135 2993 172 3053 ut
195 2987 357 3053 communi
380 3009 418 3051 ex
442 2986 624 3070 Byzantina
647 2986 737 3050 fonte
761 2986 888 3070 utrique
911 2987 1115 3050 manaverint
1140 3022 1177 3032 -
1202 3008 1278 3050 nam

135 3099 247 3142 errans
261 3075 440 3142 Cedrenum
454 3097 492 3139 ex
508 3073 607 3140 Suida
625 3097 683 3140 sua
697 3075 874 3158 sumpsisse
888 3080 983 3160 putat
997 3074 1118 3159 Diels,
1137 3073 1281 3160 Doxogrn

135 3189 165 3249 p.
185 3166 261 3248 156,
283 3203 319 3211 -
342 3170 512 3249 postquam
532 3162 622 3228 Diels
646 3164 666 3229 l.
685 3185 709 3228 c.
739 3163 874 3228 alterum
899 3161 1034 3228 Oedrani
1062 3165 1185 3229 fontmn
1210 3187 1280 3230 esse

136 3254 309 3339 Hippolyti
323 3252 618 3338 Philosophumena
632 3253 792 3339 sagaciter
806 3252 924 3336 docuit,
944 3258 1079 3338 utroque
1095 3255 1128 3318 in
1145 3253 1280 3334 Oedyeui

136 3345 224 3409 fonte
244 3344 410 3428 alteroque
429 3340 545 3407 Suidae
569 3342 688 3425 placita
706 3340 977 3425 Philosophorum
999 3342 1205 3426 potissimum
1230 3366 1280 3407 cx-

137 3432 244 3498 titisse
270 3433 428 3517 suspicor,
451 3431 568 3517 quibus
592 3431 742 3496 uidelicet
764 3431 871 3495 nullus
896 3431 985 3495 locus
1008 3432 1041 3496 in
1064 3431 1281 3515 Hesyclrianis

137 3522 215 3586 vitis
230 3521 324 3586 datus
338 3521 449 3602 fuerit,
467 3543 530 3605 qua
544 3520 583 3584 de
597 3542 631 3583 re
646 3542 812 3604 compares
827 3518 1050 3603 Hesychianas
1066 3521 1149 3585 vitas
1164 3521 1280 3586 Demo·
1394 3525 1401 3539 ”

139 3611 307 3677 criticum
327 3609 498 3695 Hippolyti
521 3607 565 3693 (p.
583 3609 648 3674 565
672 3608 799 3695 Diels),
822 3609 989 3690 Archelai,
1011 3608 1216 3694 Empedoclis
1241 3612 1280 3674 al.

139 3699 232 3776 Quod
251 3699 279 3764 si
298 3703 419 3765 rectum
440 3703 502 3781 est,
522 3698 670 3763 omnibus
689 3699 723 3762 in
742 3698 818 3763 vitis
836 3697 1053 3782 Hesychianis
1073 3698 1281 3783 philosopho·

138 3811 210 3853 rum
234 3788 354 3873 placita
377 3791 411 3853 st
429 3788 583 3872 dogmata
605 3790 718 3873 utpote
742 3785 858 3852 Suidas
882 3810 978 3852 manu
1002 3811 1040 3852 ex
1064 3788 1167 3853 altero
1190 3788 1281 3852 fonte

138 3876 250 3942 addita
276 3898 334 3941 nec
362 3877 468 3941 minus
496 3877 689 3942 removenda
717 3898 786 3941 esse
815 3876 975 3959 videntur,
1005 3898 1100 3960 quam
1127 3877 1281 3941 nonnulla

138 3965 428 4051 apophthegmata,
456 3987 538 4050 quae
561 3965 613 4030 hic
637 3965 710 4030 inde
739 3988 763 4030 s.
782 3967 834 4031 fin.
860 3965 999 4030 vitarum
1027 3969 1199 4031 occurrunt
1227 3965 1280 4049 (cf.

122 4054 260 4147 Θαλῆς,
283 4053 510 4138 Κλέοβουλος,
534 4056 700 4137 Νεοκλῆς,
724 4050 903 4137 Πιττακός,
927 4052 1049 4120 Σόλων
1073 4054 1137 4140 al).

227 4141 356 4226 Restat,
380 4148 416 4207 ut
435 4165 494 4228 pro
514 4142 553 4207 iis
573 4144 695 4229 gratias
714 4144 866 4227 referam,
890 4166 971 4227 quae
995 4144 1161 4227 praestitit
1179 4144 1217 4209 Α.
1237 4143 1280 4208 dc

138 4353 210 4404 quae
232 4335 398 4391 arctioribus
418 4334 545 4392 terminis
568 4335 743 4402 cohibentur,
769 4337 847 4391 uelut
869 4335 905 4405 gl.
929 4340 1102 4404 Καρκῖνος
1123 4331 1185 4391 ’Ara
1210 4336 1279 4389 mul-

138 4410 238 4477 taeque
257 4406 337 4462 aliae.
373 4408 505 4462 Attamen
523 4407 552 4461 in
571 4406 614 4461 hia
632 4407 840 4476 quaestionibus
859 4423 918 4463 sero
938 4424 1100 4462 consensum
1120 4407 1279 4462 criticorum

71 4502 76 4511 ·
138 4478 197 4533 fore
215 4495 297 4534 nemo
315 4477 411 4535 nescit.
