3036 5114
204 327 268 389 194
666 333 880 391 HESYCHIUS.

204 492 274 555 κῶν
296 494 409 575 βιβλία
432 490 480 576 η’,
502 490 681 578 περιόδους
703 494 749 579 β’,
773 496 847 581 περὶ
867 497 986 584 Πάρου
1005 495 1050 582 α’,
1074 499 1148 584 περὶ
1167 498 1357 586 Περγάμου

203 594 248 678 α’,
272 596 346 681 περὶ
365 595 527 665 παιάνων.
568 601 618 682 [ἐν
636 599 743 691 τούτῳ
763 604 799 669 δὲ
824 603 1026 690 μνημονεύει
1050 608 1221 691 μουσικῶν
1243 633 1355 675 τινων

16 705 56 738 „f
131 704 140 717 ”
202 703 303 768 ἰδεῶν
325 702 464 791 τούτων,
483 703 756 794 αὐτοκαβδάλων,
780 710 992 796 ίθυφάλλων,
1016 711 1250 800 φυλλοφόρων.
1293 715 1354 781 καί

201 810 236 874 oi
261 810 337 895 με’ν,
371 818 469 898 φησί,
497 819 610 883 κιττοῦ
639 818 807 903 στέφανον
834 817 1000 906 ἐφόρουν,
1029 817 1281 908 ὠνομάσθησαν
1310 821 1353 890 δὲ

173 912 342 1004 εύστερον
363 925 491 1006 ίαμβοι·
511 925 545 988 οί
562 923 599 989 δὲ
618 923 804 1010 ἰθύφαλλοι
823 940 1016 1012 προσωπεῖα
1035 927 1235 1014 μεθυόντων
1254 926 1351 1015 εἶχον

1 1103 3 1111 .
32 1019 77 1087 s>-
197 1023 253 1089 καὶ
282 1029 430 1111 χειρῖδας
453 1026 599 1109 ἀνθινὰς
621 1031 676 1098 καὶ
698 1036 823 1118 χιτῶνα
846 1034 941 1121 μέχρι
965 1038 1033 1102 τῶν
1056 1039 1206 1122 σφυρῶν.
1252 1038 1288 1103 ol
1309 1035 1352 1103 δὲ

10 1152 81 1211 2¹¹*
198 1132 411 1221 φαλλοφόροι
440 1132 481 1202 ού
511 1139 611 1223 χωρὶς
639 1141 672 1219 ἐξ
701 1138 866 1226 ἑρπύλλου
893 1142 949 1208 καὶ
979 1143 1183 1230 παιδέρωτος
1206 1147 1350 1210 ἔσκεπον

202 1236 259 1317 τὰς
282 1237 389 1326 ὄψεις,
413 1248 511 1335 κιττῷ
535 1245 590 1311 καὶ
614 1252 679 1324 ίοις
702 1246 990 1334 στεφανούμενοι]

287 1366 491 1438 DCCXVIII.
535 1375 714 1455 Σίβυλλα
742 1377 884 1457 Δελφίς,
917 1368 960 1459 ἣν
987 1373 1041 1439 καί
1058 1371 1215 1463 Ἄρτεμιν
1242 1393 1348 1462 προσ·

85 1462 88 1471 ’
162 1499 187 1536 ιο
200 1468 399 1558 ηγόρευσαν.
444 1478 561 1562 γε’γονε
582 1476 619 1544 δὲ
647 1475 730 1564 αὕτη
758 1476 822 1566 πρὸ
845 1483 913 1546 τῶν
941 1483 1114 1567 Τρωικῶν,
1142 1481 1197 1546 καί
1221 1485 1348 1569 ἔγραφε
1365 1502 1434 1546 σοι.

198 1577 368 1662 χρησμοὺς
392 1580 437 1647 δι’
464 1584 561 1649 ἐπῶν.

287 1705 460 1772 DCOXlX.
499 1711 678 1793 Σίβυλλα
705 1706 912 1791 ’Λπόλλωνος
940 1713 995 1778 καὶ
1020 1718 1166 1798 Λαμίας,
1195 1711 1278 1787 κατὰ
1310 1716 1353 1781 δέ

198 1837 291 1891 τινας
312 1809 584 1901 Ἀριστοκράτους
606 1816 661 1883 καὶ
682 1813 838 1903 ’Τδάλης,
869 1814 913 1898 ῶς
936 1819 973 1885 δὲ
997 1817 1092 1886 άλλοι
1116 1819 1348 1907 Κριναγόρου,

198 1915 243 1996 ῶς
267 1918 303 1986 δὲ
319 1917 515 2008 Ἕρμιππος,
538 1919 730 2010 Θεοδώρου,
751 1921 936 2012 Ἐρυθραία
959 1925 1048 2014 παρὰ
1071 1924 1109 1994 τό
1129 1931 1289 2013 τεχθῆναι
1310 1929 1348 1995 ἐν

159 2053 182 2092 ιτ
198 2033 307 2117 χωρίῳ
331 2032 400 2095 τῶν
421 2026 608 2116 Ἐρυθρῶν,
633 2024 651 2097 δ
675 2028 939 2116 προσηγορεύετο
964 2029 1097 2115 Βάττοι,
1120 2035 1186 2100 νῦν
1206 2032 1242 2101 δὲ
1261 2031 1346 2102 αὐτὸ

196 2131 233 2201 τὸ
270 2141 397 2222 χωρίον
428 2126 593 2203 πολισθὲν
625 2134 932 2223 προσαγορεύονται
962 2135 1132 2226 Ἐρυθραί.
1189 2138 1276 2219 τινὲς
1309 2139 1347 2208 δὲ

196 2238 303 2327 αὐτὴν
322 2243 479 2329 Σικελήν,
503 2242 600 2311 ἄλλοι
620 2243 830 2330 Σαρδιανήν,
854 2241 950 2311 άλλοι
970 2251 1165 2332 Γεργιθίων,
1188 2244 1283 2314 ἄλλοι
1308 2247 1346 2315 δὲ

190 2345 339 2436 Ῥοδίαν,
363 2349 454 2417 ἄλλοι
479 2348 516 2417 δὲ
540 2355 732 2436 Λίβυσσαν,
756 2348 851 2418 άλλοι
876 2352 1064 2439 Λευκανήν,
1087 2352 1183 2421 ἄλλοι
1208 2359 1345 2440 Σαμίαν

196 2458 368 2538 ἐδόξασαν.
403 2459 520 2544 γέγονε
540 2456 577 2525 δὲ
601 2471 669 2536 τοῖς
688 2456 823 2544 χρόνοις
845 2463 903 2544 της
925 2465 1073 2547 Τρωικῆς
1090 2458 1245 2540 ἁλώσεως
1264 2461 1346 2548 μετὰ
1365 2477 1433 2529 our!

155 2591 182 2630 εο
196 2569 251 2652 ἔτη
275 2565 355 2653 υιτγ’
378 2566 433 2634 καὶ
457 2563 658 2647 συνετάξατο
681 2570 795 2651 βιβλία
819 2570 937 2632 ταῦτα·
965 2567 1040 2654 περὶ
1064 2572 1218 2656 παλμῶν,
1248 2571 1343 2656 με’λη,

196 2675 373 2763 χρησμούς.
413 2675 539 2760 λέγεται
563 2672 600 2740 δὲ
624 2671 679 2739 καὶ
702 2678 869 2759 τρίγωνον
893 2671 982 2752 εἶδος
1005 2672 1109 2761 λύρας
1130 2673 1237 2763 αὐτὴν
1255 2676 1346 2763 πρῶ-

195 2808 256 2867 την
280 2796 401 2868 ευρείν.

199 2947 206 2954 -
215 2947 410 2956 ..-—-...-—.

195 3045 246 3114 μός
264 3051 335 3117 vulp.
365 3044 468 3122 Δήλιος
482 3065 515 3102 ox
533 3047 621 3117 ipsius
641 3045 743 3100 Suidae
763 3046 856 3115 glossa
875 3065 899 3102 v.
918 3047 1065 3121 Πράμνιος
1084 3049 1161 3113 οἶνος
1178 3049 1222 3118 (ot.
1238 3049 1344 3106 Athon.

194 3127 257 3180 XIV
278 3146 304 3196 p.
320 3130 382 3195 622)
400 3143 469 3182 corr.
491 3127 627 3196 Τουρίαν,
644 3121 750 3189 Ἠλεῖος
766 3125 830 3181 libri
846 3129 874 3180 et
888 3128 964 3184 Eud.
1019 3133 1169 3199 Apim„
1188 3135 1264 3183 m
1284 3137 1344 3200 Αη.

160 3270 162 3275 Ι
193 3201 277 3259 λιακά
293 3208 364 3277 vulp.
380 3207 455 3262 Eud.
512 3205 579 3261 λέν
598 3201 686 3278 τούτῳ
705 3238 737 3246 -
754 3206 817 3262 exit.
838 3207 965 3276 expunxi,
984 3212 1083 3278 utpote
1102 3210 1250 3265 manifesto
1265 3227 1343 3265 oom-

115 3312 121 3335 ι
161 3320 163 3325 -
193 3287 284 3357 pilata
303 3305 336 3359 ox
355 3288 456 3359 Athon„
472 3288 535 3341 XIV
549 3305 576 3357 p.
592 3287 799 3354 622‚'q11omvis
819 3288 914 3341 eadem
935 3293 1060 3357 praestet
1079 3289 1165 3343 etiarn
1185 3290 1316 3344 Eudocia

194 3374 210 3421 3
230 3364 434 3444 αύτοκαβάλων
455 3369 527 3438 libri,
546 3386 616 3425 corr.
638 3368 773 3436 Gaissord
834 3372 850 3418 4
870 3369 942 3436 φησί
957 3369 1028 3438 vulp.
1045 3369 1119 3423 Eua.
1140 3371 1213 3438 φασί
1224 3375 1246 3423 V

194 3454 210 3502 ὅ
229 3447 366 3518 πρόσωπα
384 3458 407 3505 Δ
475 3458 489 3505 7
510 3446 544 3505 ού
564 3453 646 3520 χωρίς
666 3481 698 3490 -
720 3448 840 3504 ἔσκεπον
858 3446 966 3503 incuria
984 3466 1036 3503 orn.
1052 3448 1125 3515 Vill,
1145 3465 1178 3503 ex
1197 3448 1293 3503 oodioe
1312 3448 1344 3503 in

196 3527 319 3586 Violario
337 3533 434 3588 addidi
454 3527 623 3600 ίξερπύλλου
643 3536 666 3583 Δ
684 3530 766 3601 χωρίς
786 3522 907 3595 ἕρπύλου
927 3532 985 3584 Alo.
1001 3529 1076 3584 Eud.

264 3610 618 3667 DCCXl'IlI-DCCXXV
643 3613 682 3666 ef.
698 3613 823 3673 Cramer,
844 3607 946 3661 Anocd.
968 3610 977 3661 l
997 3627 1023 3678 p.
1044 3615 1104 3677 332,
1124 3608 1210 3663 schol.
1231 3607 1343 3663 Platon.

195 3686 232 3738 Vl
247 3707 273 3756 p.
290 3697 340 3744 269
357 3708 414 3760 seq.
444 3692 572 3746 Ceterum
592 3692 627 3746 de
647 3692 761 3761 Sibyllin
781 3687 815 3742 of.
831 3686 937 3754 Mauso,
956 3687 990 3742 de
1006 3688 1103 3759 Sibyll.
1119 3687 1176 3743 ind.
1192 3707 1218 3758 p.
1230 3693 1263 3741 53
1274 3704 1343 3756 seq„

194 3765 286 3836 Biogr.
303 3788 329 3839 p.
346 3777 396 3825 123
407 3789 473 3839 seq„
488 3774 517 3825 ot
530 3789 602 3839 quoe
617 3771 673 3825 dixi
688 3770 788 3825 Anool.
804 3765 877 3822 Phil.
890 3773 958 3823 1880
973 3788 998 3839 p.
1012 3775 1062 3825 106
1072 3786 1129 3838 seq.
1189 3775 1205 3823 9
1219 3767 1299 3822 Hono
1312 3772 1344 3823 et

196 3847 400 3918 Colophonium
420 3851 544 3906 omisisse
564 3851 716 3905 Eudooiam
736 3869 764 3920 p.
780 3857 831 3905 643
851 3849 992 3905 diritius.
1008 3850 1095 3904 lihon.
1116 3848 1217 3902 llll-XV
1237 3868 1263 3918 p.
1279 3854 1340 3903 222.

264 3938 399 3995 Dccxlx
419 3947 451 3995 12
466 3941 586 4010 Λαμίας,
598 3934 765 4009 Ἐρυθραίοι,
781 3936 810 3993 oi
822 3937 853 3993 (li
869 3935 1000 4008 Σικελήν,
1015 3934 1094 3993 ἄλλοι
1108 3935 1276 4006 Σαρδιανὴν
1290 3939 1340 3992 καί

192 4014 272 4073 ἄλλοι
285 4016 374 4082 άλλως
388 4022 464 4077 Eud.
523 4028 555 4076 13
572 4016 677 4082 Ἰδαίας
695 4037 764 4074 corr.
782 4020 894 4087 Μσαεε,
914 4018 979 4089 Syb.
995 4037 1021 4088 p.
1037 4024 1071 4072 28
1090 4014 1343 4087 1101.66,“Τδάλης

194 4116 248 4154 non
271 4115 403 4170 graecum
427 4119 488 4156 esse
510 4099 680 4172 perspiciens
751 4106 783 4153 14
806 4100 991 4169 Hermippum
1015 4100 1159 4168 Berytium
1182 4115 1242 4154 osso
1264 4101 1342 4153 reolo

193 4181 300 4236 iudicat
315 4182 420 4236 Molller
434 4181 473 4235 lll
488 4200 514 4251 p.
526 4189 559 4237 35
574 4186 642 4247 not,
661 4178 711 4235 oed
727 4179 841 4234 ubinam
856 4180 904 4234 ille
919 4180 953 4234 (le
969 4179 1026 4233 Sib.
1042 4179 1156 4247 dixerit,
1175 4178 1281 4234 nescire
1295 4194 1341 4233 mo

192 4263 326 4332 profiteor
381 4267 413 4316 17
427 4259 592 4331 Σαρδιανήν
607 4260 668 4315 oola
678 4259 763 4325 Ενιί,
778 4259 920 4316 revocavit
934 4259 1020 4314 otiam
1033 4260 1169 4313 Κνοίεινε
1183 4276 1217 4314 ox
1230 4257 1340 4314 Aelian.

195 4342 258 4397 Vor.
273 4343 336 4397 hiot
353 4342 419 4411 llll,
438 4348 472 4397 36
492 4345 521 4397 et
540 4341 626 4397 schol.
644 4343 690 4394 Ar.
707 4339 780 4395 Aves
795 4348 846 4397 962
866 4342 1049 4410 Σαρδίνηνῑ
1069 4335 1225 4408 Συρδάνην
1243 4343 1264 4390 1³
1285 4335 1341 4408 γάρ

192 4420 283 4493 δάνην
298 4428 333 4490 V;
353 4426 387 4477 de
403 4425 542 4494 Γεργιθία
556 4422 591 4477 cl'.
606 4421 703 4490 Steph.
718 4420 782 4489 Byz.
798 4440 822 4476 v.
841 4421 939 4491 Γέργις
955 4423 984 4476 et
999 4421 1087 4488 Daub,
1103 4418 1137 4473 do
1153 4418 1228 4473 Suid.
1245 4437 1270 4489 p.
1286 4425 1340 4474 444

196 4509 227 4555 19
247 4503 345 4572 scripsi
365 4502 480 4560 Suidam
499 4505 622 4573 secutus,
642 4497 712 4572 μετὰ
733 4496 785 4570 τὴν
806 4498 936 4572 Τρωικὴν
955 4495 1060 4555 ἅλωσιν
1080 4498 1128 4568 ἔτη
1146 4496 1216 4568 υτγ’
1235 4500 1312 4556 Eud.
