3036 5114
610 325 824 382 HESYCHIUS.
1243 323 1285 389 73

142 486 325 568 Πλάτωνος
359 486 549 576 ἡλικιώτης,
581 477 608 580 ᾧ
642 499 730 572 τρεῖς
759 487 915 573 ἐγίνοντο
944 486 1142 572 θυγατέρες,
1171 482 1285 567 Ἀκτίς,

145 600 282 682 Δελφίς,
305 601 426 676 Φιλτίς.
454 597 508 664 καλ
529 601 602 684 ἔσχε
619 594 702 684 πρὸς
717 593 941 683 ἀστρολογίαν
954 591 1144 681 ὑπερφυῶς,
1164 595 1290 680 ἔγραψέ
1345 656 1365 691 ·.
1390 679 1394 687 Ι

142 730 177 771 τε
209 711 343 771 πλεῖστα
371 709 431 772 τοῦ
456 707 568 783 εἴδους
590 704 727 789 τούτου,
751 703 807 770 καὶ
838 699 1069 800 ὀκταετηρίδα,
1100 707 1148 770 ἔτι
1176 702 1213 770 δὲ
1238 703 1282 770 δι’

144 812 233 878 ἐπῶν
254 808 489 899 ἀστρονομίαν.

232 918 414 988 CCLXXX.
460 915 712 1005 Εὐθυκλῆς.
758 921 824 985 των
853 916 1031 1005 δραμάτων
1061 914 1167 984 αὐτοῦ
1194 919 1313 985 {cvivs

148 1034 277 1093 Ασωτοι
309 1022 329 1112 ἢ
359 1023 549 1112 Ἐπιστολή,
580 1023 625 1111 ὥς
657 1047 761 1113 φησιν
781 1023 960 1113 Ἀθήναιος
991 1025 1028 1092 ἐν
1051 1037 1121 1104 τοῖς
1145 1032 1287 1098 Δειπνο-

112 1286 118 1295 .
147 1147 433 1300 t'OWIIIIIIXXXI
480 1229 699 1319 Εὐκλείδης
730 1229 904 1317 Μεγαρεύς
934 1229 1120 1319 (Μεγάρων
1153 1227 1190 1295 δὲ
1218 1231 1287 1295 τῶν

27 1356 68 1392 >a
123 1340 179 1441 ,ἐν
207 1343 252 1430 τῷ
273 1337 430 1431 Ἰσθμῷ),
457 1339 659 1427 φιλόσοφος,
688 1341 805 1426 γέγονε
832 1337 869 1405 δὲ
896 1335 1050 1425 μαθητὴς
1074 1334 1287 1421 Σωκθᾶῑθυέι

146 1441 210 1530 [ὃς]
225 1446 281 1514 καὶ
294 1445 356 1534 τὴν
372 1448 404 1528 ἐξ
423 1445 528 1515 αὐτοῦ
542 1455 727 1534 κληθεῖσαν
746 1443 938 1532 Μεγαρικὴν
954 1447 1085 1527 αἵρεσιν
1100 1443 1287 1530 εἰσήγαγεν,
1304 1468 1329 1506 ιο

141 1549 185 1639 ἣν
214 1553 255 1640 δὴ
284 1554 339 1621 καὶ
364 1552 573 1641 διαλεκτικὴν
600 1555 655 1623 καλ
680 1552 847 1640 ίριστικὴν
877 1552 1163 1638 προσηγόρευσαν.
1205 1549 1283 1636 μεθ’

144 1655 185 1727 δν
206 1657 349 1747 Ἰχθύας,
373 1660 442 1731 εἶτα
462 1667 618 1729 Στίλπων
639 1667 737 1748 ἔσχον
760 1659 823 1747 τὴν
846 1658 979 1746 σχολήν.
1009 1659 1197 1744 συνέγραψε
1217 1661 1287 1752 δια·
1335 1714 1336 1721 ,

141 1766 272 1858 λάγους,
294 1766 520 1856 Ἀλκιβιάδην,
540 1774 716 1856 Αἰσχίνην,
736 1774 903 1856 Κρίτωνα,
926 1771 1079 1852 Φοίνικα,
1099 1770 1288 1853 Λαμπρίαν,

138 1869 317 1957 Ἐρωτικὸυ
340 1876 396 1943 καὶ
419 1873 503 1944 άλλα
525 1875 610 1944 τινά.
724 1910 727 1915 ·

230 1983 444 2051 OOLXXXII.
490 1981 731 2071 Εὔμολπος
760 1979 969 2062 Ἐλευσίνιος.
993 1978 1067 2068 ἤτοι
1096 1978 1285 2066 Ἀθηναῖος,
1303 2006 1326 2043 ¹⁵

141 2085 214 2168 υίὸς
239 2096 419 2158 Μουσαίου
441 2095 502 2159 τοῦ
524 2094 680 2176 ποιητοῦ,
704 2086 750 2168 ως
773 2090 812 2157 δι’
832 2117 935 2170 τινες,
959 2086 1112 2176 μαθητὴς
1131 2084 1286 2174 Ὀρφέως,

18 2222 45 2249 ‹-
66 2200 91 2261 .'.
142 2193 298 2275 ἐποποιὸς
315 2200 383 2264 τῶν
406 2197 470 2281 πρὸ
489 2194 641 2285 Ὁμήρου.
678 2197 798 2282 γέγονε
821 2184 937 2264 δὲ’καλ
956 2200 1180 2281 Πυθιονίκης·
1203 2194 1287 2280 πρὸς

142 2301 249 2385 λύραν
276 2301 340 2392 γάρ
364 2306 597 2373 ἐπεδείκνυντο
628 2307 664 2373 οί
688 2309 830 2391 ποιηταί.
882 2295 978 2384 οὗτος
1007 2308 1129 2391 ἔγραψε
1157 2300 1287 2384 τελετάς

142 2408 321 2498 Δήμητρος
342 2412 397 2479 καλ
419 2411 480 2498 τὴν
500 2416 551 2521 χίς
569 2409 697 2479 Κελεὸν
716 2410 832 2498 ἄφιξιν
850 2412 904 2479 καὶ
923 2410 1073 2498 τὴντῶν
1092 2417 1286 2498 μυστηρίων

140 2517 329 2603 παράδοσιν
361 2517 422 2605 τὴν
450 2532 522 2598 ταῖς
547 2517 760 2605 θυγατράσιν
789 2518 894 2586 αὐτοῦ
921 2519 1123 2605 γενομένην,
1156 2523 1216 2605 ἔπη
1244 2516 1285 2585 τὰ
1299 2539 1326 2579 ιο
1359 2596 1361 2602 s

139 2623 248 2693 πάντα
270 2632 450 2712 τρισχίλια,
474 2624 707 2714 χειροσκοπικά
729 2631 831 2708 πεζάς
852 2632 986 2713 βιβλίον
1010 2629 1055 2695 ἕν.
1344 2620 1347 2625 ’

141 2799 194 2858 δὸν
213 2803 379 2875 παρόμοιοι,
404 2822 475 2874 quae
494 2806 581 2861 verbe
600 2806 634 2860 de
654 2822 703 2860 suc
717 2804 796 2860 illam
815 2805 955 2860 addidisse
974 2808 1057 2876 putat
1070 2806 1155 2860 Dent
1211 2811 1224 2859 1
1243 2804 1283 2862 cf.

142 2882 197 2939 Cic.
216 2885 309 2941 Divin.
328 2886 367 2954 ΙΙ,
386 2892 420 2939 42

212 2964 357 3020 CCLXXX
376 2967 451 3023 End.
471 2972 572 3037 11291.
602 2966 642 3020 CI.
657 2966 813 3021 MeinekeI
831 2985 858 3037 p.
873 2973 932 3022 269.
965 2967 1005 3021 De
1024 2966 1084 3022 viIe
1100 2986 1125 3023 v.
1140 2967 1229 3036 Daub,
1249 2966 1283 3023 de

140 3044 216 3099 said.
231 3046 250 3099 l.
265 3063 287 3100 c.
348 3054 364 3100 6
382 3043 400 3115 ἡ
418 3041 521 3103 Ἐπιστ.
541 3052 563 3098 Δ
583 3047 651 3101 duas
669 3047 778 3101 fabulas
797 3047 968 3117 distinguere
987 3048 1095 3103 mavult
1108 3049 1192 3104 Ιλσαδ
1247 3045 1285 3111 ὡς

140 3156 173 3165 -
188 3126 252 3181 exit.
272 3143 325 3181 orn.
341 3126 416 3182 Eur.
437 3128 482 3197 (cI.
494 3128 602 3204 [Ithen.
622 3126 660 3180 III
678 3145 704 3197 p.
728 3132 800 3195 124),
825 3147 896 3198 quae
915 3130 978 3184 add.
999 3126 1056 3184 ἔστι
1079 3126 1112 3184 δὲ
1135 3129 1183 3183 καλ
1203 3121 1285 3192 οὗτος

138 3205 188 3272 τῆς
204 3200 323 3276 άρχαίας
337 3209 486 3280 κωμῳδίας
499 3209 574 3278 quod
589 3225 623 3262 ex
635 3208 695 3262 vita
710 3208 853 3278 Hermippi
867 3209 1033 3264 translatum
1050 3225 1110 3263 esse
1125 3207 1184 3263 sine
1200 3226 1284 3264 cansa

138 3284 239 3340 idonea
257 3287 414 3357 suspicatus
438 3291 482 3342 est
500 3289 592 3343 Denb.
630 3288 759 3344 Ceterum
782 3290 817 3345 cI.
838 3289 936 3344 suidas
959 3308 985 3345 v.
1008 3290 1077 3363 βοῦς
1096 3287 1215 3359 ἕβδομος
1233 3289 1282 3343 ubi

141 3364 274 3421 Atalante
293 3367 416 3423 eiusdem
436 3368 535 3437 poetae
554 3369 686 3423 laudetur
991 3376 998 3388 '

211 3444 367 3501 CCLXXXI
386 3447 426 3504 cf.
445 3447 526 3518 Diog.
546 3448 584 3516 Π,
604 3454 668 3516 106,
689 3453 752 3516 108,
773 3455 823 3503 112
902 3457 918 3504 9
941 3450 1028 3504 verba
1049 3447 1148 3518 γέγονε
1168 3479 1202 3488 -
1220 3452 1282 3502 Σω-

137 3521 258 3593 κράτους
276 3527 331 3583 huc
349 3529 522 3597 transposui,
543 3546 604 3583 cnm
624 3531 688 3599 post
706 3525 935 3598 προσηγόρευσαν
950 3530 1023 3584 male
1041 3524 1191 3584 exhibeant
1209 3527 1281 3584 libri.

139 3606 207 3662 Inde
226 3600 270 3676 ὃς,
289 3608 364 3677 qnod
382 3607 558 3663 inseruerunt
575 3608 696 3663 editores
715 3610 780 3663 ante
794 3609 855 3678 καί,
875 3627 1111 3679 supervacaneum
1129 3609 1188 3663 fieri
1203 3610 1284 3677 patet

141 3694 174 3743 10
193 3682 224 3751 ὃς
242 3689 290 3743 καί
309 3686 361 3757 τὴν
379 3688 546 3760 Bernhardy
565 3683 597 3752 ὃς
614 3686 665 3759 τὴν
684 3689 821 3744 Ιιίιείσνιω
839 3690 887 3744 καί
906 3686 957 3759 την
977 3694 1078 3743 nm
1098 3695 1157 3743 cett.
1177 3689 1235 3743 edd.

141 3774 173 3822 11
193 3763 228 3837 ἣν
247 3763 282 3836 δὴ
303 3786 358 3837 seq.
380 3786 433 3824 cm.
453 3773 475 3821 V
512 3765 567 3839 ἤδη
585 3770 633 3824 καί
653 3765 832 3838 διαλεκτικὴν
847 3802 880 3810 -
895 3773 1176 3839 προσαγορευθεῖσαν
1194 3769 1281 3823 Bern-

138 3851 228 3920 hardy
247 3852 322 3918 (narn
341 3843 376 3918 ἣν
396 3845 431 3918 δὴ
447 3882 480 3893 -
495 3850 774 3919 npernycniviricav
789 3854 848 3919 AB)
867 3851 964 3916 Daub,
984 3851 1031 3919 qui
1049 3853 1144 3904 tamen
1163 3847 1215 3919 τὴν
1234 3850 1282 3904 καὶ

138 3945 193 3984 rec.
213 3927 438 3998 προσηγόρευσεν
456 3931 512 3985 edd
534 3936 593 3986 cett.
651 3936 683 3984 13
700 3926 885 3999 ἈλβιάδηνᾺ
946 3933 1064 3985 Φοίνικα
1082 3936 1128 3984 BE
1148 3948 1181 3984 ex
1201 3930 1280 4000 Diog.

139 4008 177 4075 II,
200 4015 249 4064 108
268 4010 391 4064 restituit
418 4010 551 4066 Wectcrm.
573 4013 705 4073 Φοίνικας
723 4014 794 4080 οαλγ.

210 4087 380 4144 CCLXXXII
399 4090 474 4144 Eud.
494 4109 521 4160 p.
541 4097 590 4145 291
656 4097 687 4145 15
708 4087 842 4154 ἐποποιός
859 4094 923 4161 post
939 4089 1086 4164 Ἀθηναῖος
1103 4093 1189 4147 hebet
1204 4095 1280 4148 Eud.
1393 4123 1398 4134 ·

140 4175 173 4224 16
192 4164 229 4230 ὡς
247 4167 280 4223 δέ
299 4189 373 4232 τινες
391 4175 477 4225 cmv
551 4176 582 4224 19
602 4172 755 4225 carminum
775 4172 900 4226 tabulam
920 4172 1144 4227 commenticiam
1163 4190 1221 4226 esse
1240 4173 1280 4225 vi·

138 4247 182 4302 dit
200 4248 301 4315 HiIler,
320 4249 388 4304 Mus.
409 4249 496 4304 Rhcn.
515 4249 631 4303 XXXIII
649 4269 676 4319 p.
695 4256 748 4305 522
764 4270 819 4322 seq.
910 4252 958 4306 καλ
976 4284 1012 4293 -
1030 4248 1129 4320 άφιξιν
1148 4270 1181 4306 ex
1201 4252 1280 4306 libris

138 4330 200 4384 Par.
220 4328 283 4383 add.
303 4329 451 4395 Κιωίσνιω,
471 4347 524 4385 om.
544 4332 611 4384 vett.
631 4330 692 4385 edd.
712 4333 741 4386 et
759 4333 835 4390 End.
892 4340 926 4387 20
947 4330 1000 4401 ἔπη
1019 4364 1053 4372 —-
1072 4333 1207 4400 τρισχίλια
1225 4349 1279 4386 om.

137 4409 213 4463 Ιίιαί,
287 4414 318 4462 21
340 4408 431 4463 Iocum
451 4414 521 4465 οιΑ
541 4411 651 4465 sanavit
666 4411 814 4481 Ιιίιιίενιως
833 4415 917 4468 antea
935 4413 1008 4467 enim
1027 4413 1174 4481 legebatur
1192 4432 1280 4479 χειρο-

138 4485 266 4544 σκοπικά.
300 4484 370 4554 πεζά
390 4487 422 4544 δὲ
442 4491 550 4563 βιβλίον
570 4489 613 4559 ἳνς
629 4523 661 4531 -
681 4488 880 4563 χειροσκοπικά
900 4487 932 4546 ἐν
951 4492 1015 4547 δυσί
1034 4494 1149 4564 βιβλίοις
1167 4492 1243 4547 Eud.
