3036 5114
641 337 855 394 HESYOHIUS.
1258 310 1319 402 169

235 587 238 593 .
264 498 330 585 [ὅτι
356 499 415 581 τάς
440 498 553 588 Θήβας
578 498 641 588 τὴν
669 499 769 569 πόλιν
792 497 1013 587 Ἀλέξανδρόν
1040 520 1145 586 φασιν
1175 505 1221 580 είς
1249 505 1320 568 ἔδα-

174 635 238 694 φος
256 608 475 694 κατασκάψαι,
497 610 553 677 καὶ
575 607 664 697 πλὴν
687 611 804 697 ἱερέων
823 609 931 677 τεκαὶ
950 611 1082 696 ίερειῦν
1101 608 1179 688 τοῦς
1197 607 1322 688 άλλους

175 714 429 803 ἀνδραποδίσαι.
466 719 521 785 καὶ
544 716 605 804 τὴν
629 716 808 803 Πινδάρου
832 715 869 783 δὲ
890 719 953 784 τοῦ
975 721 1116 802 ποιητοῦ
1137 720 1246 785 οίκιάν
1265 717 1321 783 καὶ

174 825 254 904 τοὺς
281 815 560 911 άπαγόυουςτοῦ
585 824 763 912 Πινδάρου
792 827 963 910 λέγουσιν,
995 822 1045 892 ὅτι
1074 822 1217 904 ἀπαθεῖς
1244 825 1322 911 ἐφύ-

176 936 273 1013 λαξεν
302 936 395 1000 αίδοῑ
419 937 459 1021 τῇ
485 932 679 1022 Πινδάρου,
708 930 752 1012 ὥς
779 951 884 1018 φησιν
906 929 1078 1019 Ἀρριανὸς
1106 929 1124 1001 ὁ
1155 930 1348 1018 ίστορικόςσ

174 1042 211 1108 ἐν
233 1045 273 1129 τῇ
298 1038 460 1127 ἀναβάσει
482 1037 724 1129 Ἀλεξάνδρου]

265 1150 406 1216 DOXLI.
443 1154 678 1236 Πίνδαρος
707 1153 918 1215 Σκοπελίνου
950 1154 1109 1233 Θηβαῖος,
1138 1146 1194 1214 καὶ
1222 1143 1324 1225 αὐτὸς

62 1289 120 1323 ι...
176 1255 326 1342 λυρικός,
350 1253 488 1337 άνεψιδς
510 1260 571 1325 τοῦ
595 1258 769 1343 προτέραν.

264 1365 421 1432 DOXLII.
454 1361 652 1442 Πιττακὸς
671 1370 911 1448 Μιτυληναῖος,
929 1360 1003 1442 υίὸς
1022 1365 1153 1429 Καλκοῦ
1172 1357 1340 1449 ἢ“7’ρρα-’
1396 1432 1401 1441 ,

175 1476 252 1539 δίον
271 1470 412 1562 Θρᾳκός,
436 1469 558 1559 μητρὸς
582 1471 619 1539 δὲ
639 1476 790 1557 Λεσβίας.
832 1461 929 1551 οὗτος
947 1471 1065 1557 γέγονε
1083 1470 1166 1538 κατά
1184 1467 1246 1556 τὴν
1266 1467 1319 1554 λβ’
1337 1494 1361 1534 ιο

176 1575 376 1666 ὀλυμπιάδα,
400 1574 446 1660 είς
468 1579 524 1646 καὶ
548 1575 649 1658 αὐτὸς
671 1583 738 1647 miv
763 1581 790 1660 ζ’
810 1582 927 1664 σοφῶν
951 1574 1010 1646 siv.
1047 1582 1169 1663 ἔγραψε
1187 1573 1323 1662 νόμους.
1371 1591 1418 1634 ω’-

164 1688 244 1773 {aad
272 1692 312 1775 τῇ
335 1687 394 1774 μηδ’
419 1686 600 1775 ὀλυμπιάδι
623 1689 826 1774 Μέλαγχρον
850 1685 910 1754 τὸν
933 1685 1104 1771 τύραννον
1126 1681 1324 1769 Μιτυλήνης

176 1793 296 1879 άνεῑλε,
319 1796 375 1862 καὶ
397 1794 566 1880 Φρύνωνα
588 1792 776 1881 στρατηγὸν
793 1792 983 1882 Ἀθηναίων
1007 1796 1218 1880 πολεμοῦντα
1239 1789 1322 1876 ὑπὲρ

177 1906 237 1970 τοῦ
257 1908 398 1988 Σιγείου
421 1905 622 1990 μονομάχων
646 1899 827 1987 άπέκτεινε,
851 1901 974 1992 δικτύῳ
997 1897 1188 1988 περιβαλὼν
1211 1895 1323 1967 αὐτόν.

176 2008 314 2097 γηραιὸς
333 2009 370 2078 δὲ
388 2007 655 2096 ἀναγκαζόμενος
674 2024 870 2096 στρατηγεῖν
890 2015 954 2095 ἔφη
974 2006 1019 2087 ὡς
1036 2004 1180 2095 χαλεπὸν
1195 2003 1321 2073 ἐσθλὸν
1338 2034 1362 2074 is

176 2123 322 2205 ἔμμεναι.
355 2117 478 2185 τούτου
496 2114 700 2204 ἀπόφθεγμα
720 2115 854 2202 ’καιρὸν
876 2118 1026 2203 γνῶδι’.]
1061 2118 1194 2201 ἐποίησε
1213 2113 1251 2182 δὲ
1269 2114 1324 2181 καὶ

175 2226 301 2310 ἐλεγεῖα
325 2230 384 2310 ἔπη
409 2224 441 2312 χ’
466 2224 521 2291 καὶ
544 2221 628 2311 ὑπὲρ
652 2221 768 2311 νόμων
790 2224 1031 2312 καταλογάδην.

264 2335 439 2401 DCXLIII.
483 2331 651 2399 Πλάτων
678 2327 876 2418 Ἀρίστωνος
906 2334 967 2401 τοῦ
993 2327 1241 2418 Ἀριστοκλὲους
1267 2330 1323 2398 καί

175 2441 394 2527 Περικτιόνης
420 2436 441 2528 ἢ
470 2441 648 2525 Ποτύνης,
675 2436 713 2506 τὸ
742 2439 838 2522 γένος
869 2438 1029 2526 ἑλκούσης
1057 2435 1120 2506 άπὸ
1149 2438 1323 2517 Σόλωνος·

85 2556 100 2575 ⁴
175 2548 250 2634 ἕκτη
283 2546 347 2634 γὰρ
380 2540 423 2633 ἦν
457 2544 512 2615 ἀπ’
543 2549 687 2631 ἐκείνου,
718 2559 796 2624 παῖς
822 2547 984 2633 γενομένη
1013 2545 1235 2631 <Γλαύκωνος
1262 2549 1364 2613 τοῦτο

176 2661 411 2742 Καλλαίσχρου
430 2660 491 2723 τοῦ
510 2660 653 2742 Κριτίου
670 2656 753 2739 τοῦ)
777 2656 962 2740 Δρωπίδου
980 2658 1041 2745 τοῦ
1058 2656 1210 2750 ποιητοῦ,
1230 2649 1322 2719 άδελ-

175 2830 252 2895 δρας,
268 2822 462 2895 Κριστόδωρος
476 2824 511 2879 al.
528 2824 598 2879 coni.
612 2824 697 2879 Βοιώ
713 2818 798 2879 ἔπικά
809 2827 839 2879 et
852 2824 1071 2894 suprascriptum
1087 2819 1174 2892 ἤγουν
1188 2818 1321 2890 ποιητικά

174 2922 228 2961 om.
249 2906 297 2960 καί
310 2911 333 2957 v
405 2906 453 2959 καί
476 2909 606 2973 καταλαγ.
627 2936 659 2943 -
681 2904 744 2959 exit,
763 2905 819 2976 ipsi
838 2904 940 2960 Suidas
959 2905 1055 2961 deberi
1073 2905 1144 2959 coni.
1161 2905 1245 2959 Daub

176 2992 190 3037 1
215 2984 363 3039 Addidisss
387 2984 533 3054 sequentia
552 2983 667 3040 Suidam
690 3003 723 3061 εκ
746 2980 960 3063 MXXX-QX)
981 2985 1039 3055 I,9
1062 2985 1120 3040 dixi
1144 2984 1214 3040 Mus.
1234 2983 1323 3041 Rhen.
1360 3006 1374 3027 ε

178 3064 280 3118 XXXV
299 3084 324 3135 p.
341 3072 392 3121 919
839 3107 842 3122 .

248 3146 358 3200 DCXLI
378 3163 432 3200 0111.
448 3146 584 3200 Μακίστιοι.
605 3145 681 3200 Eud.
701 3146 719 3201 Ι.
739 3162 762 3199 ο.
791 3145 857 3201 Vita
876 3147 1072 3202 commenticia
1091 3150 1135 3202 est

246 3225 370 3280 DCXLII
389 3225 464 3280 Eud.
480 3243 507 3294 p.
523 3230 584 3282 605.
614 3224 749 3297 (ΙΙ-Πίος.
766 3225 785 3290 Ι,
802 3231 835 3279 74
845 3244 903 3296 seq.
938 3228 1073 3283 Tractsnt
1086 3226 1213 3292 Cliuton,
1232 3226 1295 3280 fast.
1311 3227 1323 3280 1

177 3323 203 3372 p.
220 3309 279 3371 197,
295 3305 401 3373 ΙΙοΙιδο,
416 3304 487 3359 Mus.
502 3305 590 3360 Rhen.
600 3304 716 3359 XXXVI
731 3325 756 3376 p.
769 3313 821 3362 496
834 3312 919 3362 now
975 3317 990 3364 9
1010 3309 1058 3363 καλ
1070 3303 1143 3377 (Τρρ.
1158 3309 1231 3377 vulp.
1247 3307 1321 3362 Ειαί.

176 3378 191 3453 ἢ
211 3389 325 3452 Am,
345 3386 420 3455 quod
439 3385 685 3440 commendaverat
699 3388 850 3458 Μακαρίαν
930 3395 963 3442 10
982 3387 1079 3457 γέγονε
1101 3388 1144 3442 hic
1165 3387 1322 3458 significare

175 3467 274 3533 „natus
294 3469 358 3520 σεδ*
378 3465 518 3536 persuasit
535 3464 647 3535 Rohds,
666 3467 736 3521 Mus.
755 3467 844 3523 Rhen.
863 3467 980 3522 XXXIII
998 3486 1024 3538 p.
1043 3474 1093 3523 187
1175 3474 1206 3520 11
1228 3465 1270 3529 εἷς
1289 3497 1322 3505 -

178 3540 330 3616 ὀλυμπιάδι
346 3563 399 3600 om.
415 3551 437 3599 Δ
494 3552 525 3600 13
544 3548 723 3616 πολεμοῦντα
741 3564 776 3602 ex
790 3549 855 3604 Par.
871 3549 1008 3602 Κασίωιιε
1026 3549 1231 3615 πολιορκοῦντα
1251 3549 1321 3618 sulp.

174 3625 249 3680 Eud.
287 3626 326 3679 Cf.
346 3627 447 3681 Herod.
465 3627 499 3695 V,
514 3633 548 3680 95
640 3632 673 3681 14
696 3622 844 3683 ἀπέκτεινε
865 3627 897 3684 δὲ
917 3635 951 3695 7;
976 3629 1010 3682 cf.
1031 3630 1128 3684 Festus
1149 3648 1169 3683 s.
1189 3628 1321 3684 Retiario.

176 3706 307 3760 Ceterum
327 3724 399 3776 quae
414 3707 515 3762 seclusi
530 3705 645 3762 Suidam
660 3723 695 3781 αις
707 3707 790 3782 Diog.¹
802 3710 823 3777 1,
839 3716 872 3764 74
882 3727 938 3780 seq.
954 3709 1095 3765 addidisse
1109 3710 1255 3780 probabile
1270 3713 1321 3781 est,
1354 3728 1365 3757 ι

174 3787 293 3841 fortasse
313 3788 399 3841 etiam
414 3790 538 3844 extrema
556 3790 652 3855 verba,
672 3789 706 3843 ds
726 3789 827 3858 quibus
847 3791 881 3847 cf.
899 3791 997 3858 Hiller,
1016 3791 1085 3845 Mus.
1105 3790 1192 3845 Rhen.
1207 3790 1324 3845 XXXIII

174 3886 200 3936 p.
218 3872 276 3922 520.
306 3869 450 3937 Leguntur
470 3869 543 3923 enim
563 3863 676 3937 ἐποίησε
695 3900 728 3908 -
745 3870 809 3927 exit.
830 3872 866 3926 ad
885 3873 1001 3928 verbum
1020 3872 1095 3942 apud
1113 3870 1194 3940 Πίος.
1210 3873 1231 3937 Ι,
1248 3878 1280 3926 79

246 3947 382 4002 DCXLIII
402 3949 476 4003 Ειιιί,
491 3968 518 4019 p.
533 3957 592 4004 605.
622 3951 661 4005 cf.
677 3951 759 4019 Diog.
775 3951 822 4020 III,
839 3960 919 4022 lseq.
948 3954 989 4007 De
1006 3952 1108 4008 Suidae
1123 3953 1323 4007 additamentis

175 4026 232 4081 dixi
252 4029 321 4082 Mus
340 4028 424 4083 Rhea.
439 4029 542 4084 XXXV
556 4049 582 4099 p.
599 4038 659 4085 219.
692 4030 732 4085 cf.
747 4032 833 4086 etiam
850 4033 996 4101 Bdcheler,
1015 4033 1075 4088 Ind.
1091 4033 1194 4102 Gryph.
1210 4050 1234 4087 a.
1255 4040 1322 4088 1869

178 4116 208 4162 19
228 4106 419 4178 Περικτιόνης
437 4111 508 4180 vulp.
528 4111 604 4166 Essa,
624 4107 810 4182 Περικτιόνης
828 4119 904 4166 AVB
923 4132 987 4170 mox
1008 4111 1134 4183 Πωτύνη
1154 4119 1176 4167 Δ

174 4195 209 4242 90
228 4191 297 4243 haec
316 4207 416 4245 manea
434 4206 494 4245 esse
512 4191 585 4246 vidit
602 4192 836 4260 Hemsterhusius3
860 4194 1064 4251 restituendum
1083 4213 1117 4250 sx
1136 4195 1216 4263 Diog.
1238 4195 1284 4262 ΙΙΙ,
1305 4202 1318 4248 1

175 4269 220 4322 vel
239 4269 325 4324 schol.
345 4270 454 4325 Platon.
471 4270 508 4323 VI
523 4289 549 4341 p.
565 4278 629 4326 364:
649 4265 682 4326 οῦ
702 4276 830 4344 Κριτίας,
849 4265 882 4329 οῦ
902 4270 1104 4345 Κάλλαισχρος,
1125 4267 1158 4329 αὖ
1185 4269 1322 4328 Γλαύκων

175 4383 208 4391 -
233 4351 328 4420 itaquo
351 4350 520 4414 Γλαύκωνας
537 4383 571 4393 -
591 4355 706 4421 Κριτίον
729 4356 779 4409 τοῦ
798 4356 914 4423 inserui;
939 4354 1005 4426 ἕκτη
1030 4387 1062 4398 -
1087 4351 1244 4428 Χαρμάδας
1266 4371 1320 4410 om.

126 4466 138 4487 ι
175 4432 260 4498 Eud„
278 4432 331 4486 nisi
350 4432 425 4501 quod
444 4431 559 4488 exhibet
573 4429 761 4505 ἐφιλοσόφησε
782 4432 858 4508 παρὰ
875 4432 1021 4505 Σωκράτει
1037 4435 1084 4505 ἔτη
1098 4431 1128 4489 κ’
1184 4441 1215 4490 21
1238 4429 1319 4490 α’δελ-

176 4513 234 4581 φοῦ
253 4518 276 4564 V
297 4513 348 4566 τοῦ
367 4507 413 4566 άδ.
432 4513 481 4567 rel.
