3036 5114
608 340 822 398 αοειοιιιοε.
1083 312 1086 321 ’
1222 336 1285 402 185

142 507 352 596 Μνησάρχου
374 504 448 586 υίὸς
471 504 772 591 δακτυλιογλύφου.
811 503 887 583 νέος
910 501 947 570 δὲ
968 497 1016 570 ών
1041 498 1103 568 σὺν
1122 505 1166 592 τῷ
1186 500 1286 586 πατρὶ

141 619 176 685 ἐκ
199 621 387 705 Τυρρηνίας
405 613 532 706 ᾤκησεν
553 618 600 692 είς
618 611 747 699 Σάμον.
777 602 874 690 οὗτος
891 608 1013 697 ήκουσε
1032 613 1165 697 πρώτον
1187 616 1285 697 Φερε-

140 724 248 793 κύδου
270 727 332 792 τοῦ
350 727 483 810 Συρίου
507 723 542 789 έν
563 720 680 813 Σάμῳ,
705 718 773 788 εἶτα
788 717 1061 808 Ἑρμοδάμαντος
1084 719 1121 785 ἐν
1143 720 1183 806 τῇ
1202 712 1285 805 αὐτή

140 832 259 924 Σάμφ,
279 828 316 910 ὃς
334 821 377 917 ήν
396 828 563 916 ἀπόγονος
582 827 803 916 Κρεωφύλου,
822 825 891 896 εἶτα
908 825 1081 914 Ἀβάριδος
1099 829 1159 894 τοῦ
1172 823 1286 911 (Τπερ-

141 941 264 1027 βορέου
296 938 351 1005 καὶ
380 936 530 1026 Ζάρητος
560 941 621 1005 τοῦ
653 935 771 1023 μάγου.
822 936 1017 1015 παιδευθεὶς
1050 933 1086 1002 δὲ
1119 933 1173 1000 καὶ
1205 928 1313 1015 παρτ

142 1052 339 1134 Αἰγυπτίοις
361 1047 416 1113 καὶ
436 1048 617 1123 Χαλδαίοις
635 1035 741 1131 ήλθευ
761 1048 808 1124 είς
826 1043 957 1131 Σάμον,
979 1043 1034 1110 καὶ
1054 1037 1163 1128 εὑρών
1182 1035 1287 1126 αύτήν

141 1155 441 1242 τυρραννουμένην
471 1149 536 1220 ὑπὸ
561 1154 798 1239 Πολυκράτους
823 1150 951 1240 ἀπῆρεν
974 1155 1021 1230 είς
1043 1148 1207 1237 Κρότωνα
1230 1150 1288 1232 τής

138 1261 278 1343 Ἰταλίας
300 1263 355 1329 καὶ
380 1258 505 1347 σχολήν
530 1259 779 1346 συστησάμενος
808 1268 923 1329 πλεῖον
947 1257 967 1347 ή
993 1262 1185 1340 ἑξακοσίους
1215 1260 1287 1342 ἔσχε

142 1377 339 1458 γνωρίμους.
392 1360 478 1455 ήσαν
510 1366 547 1434 δὲ
581 1363 670 1458 αύτῷ
703 1367 758 1434 καὶ
786 1365 927 1453 άδελφοὶ
956 1367 1034 1451 δύο,
1066 1363 1289 1452 πρεσβύτερος

143 1477 204 1565 μὲν
228 1476 398 1562 Εῦνομος,
426 1476 525 1562 μέσος
549 1473 587 1542 δέ
614 1473 794 1560 Τυρρηνός.
841 1477 963 1554 δοῦλος
986 1473 1023 1542 δὲ
1046 1466 1089 1560 ήν
1112 1469 1200 1561 αύτῷ
1227 1467 1288 1537 Ζά-
1304 1494 1329 1534 ιο

142 1586 271 1672 μολξις,
300 1574 326 1675 ᾦ
351 1582 447 1650 Γέται
476 1576 520 1660 ὡς
544 1578 669 1669 Κρόνῳ
698 1578 833 1648 θύουσι.
879 1579 1024 1667 γαμετήν
1053 1579 1084 1647 δ’
1112 1578 1289 1666 ἐποιήσατο

142 1689 258 1759 Θεανώ
292 1687 354 1776 τήν
389 1693 576 1774 Βροντίνου
606 1691 667 1755 τοῦ
697 1686 938 1774 Κροτωνιάτου
968 1688 1158 1775 θυγατέρα,
1187 1688 1220 1767 ἐξ
1252 1676 1292 1772 ής

142 1799 198 1867 καὶ
221 1802 336 1878 παῖδες
360 1795 449 1888 αὐτῷ
477 1796 631 1881 ἐγένοντο
656 1794 735 1880 δύο,
763 1795 936 1883 Τηλαύγης
959 1797 1014 1865 καὶ
1038 1795 1178 1883 Δάμων,
1202 1789 1223 1881 ή
1247 1789 1291 1872 ώς

144 1933 231 1986 τινες
255 1904 476 1993 Μνήσαρχος,
503 1901 585 1969 κατὰ
615 1902 654 1969 δέ
678 1929 772 1981 τινας
795 1903 851 1970 καὶ
874 1901 1027 1989 θυγάτηρ
1052 1909 1148 1970 Μυῖα
1172 1900 1291 1986 όνομα,

145 2013 227 2082 κατὰ
254 2012 290 2081 δέ
315 2011 437 2091 ἄλλους
459 2011 514 2079 καὶ
531 2007 722 2095 Ἀριγνώτη
768 2012 957 2096 συνέγραψε
980 2010 1018 2077 δέ
1041 2006 1058 2077 ὁ
1083 2006 1291 2094 Πυθαγόρας
1305 2032 1331 2073 ιο

145 2120 233 2207 μόνα
258 2127 334 2208 τρία
354 2125 482 2207 βιβλία·
512 2116 742 2202 παιδευτικόν,
767 2117 953 2202 πολιτικόν,
982 2114 1019 2205 τό
1044 2116 1081 2184 δὲ
1099 2114 1292 2209 φερόμενον

144 2228 260 2315 τ’ρίτον
283 2224 327 2306 ὡς
349 2223 563 2311 Πυθαγόρου
587 2220 736 2313 ᾼύσιδός
759 2223 827 2319 ἐστι
850 2227 911 2292 τοῦ
938 2229 1159 2311 Ταραντίνου,
1182 2230 1291 2309 μαθη-

145 2338 205 2404 τοῦ
233 2332 338 2403 αύτοῦ
365 2332 550 2421 γευομένου
577 2328 632 2397 καλ
661 2330 828 2414 φυγόντος
856 2335 902 2410 είς
925 2330 1038 2419 Θήβας
1064 2331 1120 2399 καὶ
1143 2339 1292 2416 καθηγη-

145 2443 293 2530 σαμένου
318 2438 578 2529 Ἐπαμεινώνδα.
623 2435 711 2521 τινὲς
739 2436 776 2505 δέ
804 2434 1022 2508 ἀνατιθέασιν
1052 2437 1141 2529 αύτῷ
1169 2439 1224 2507 καὶ
1252 2435 1291 2504 τὰ
1324 2445 1351 2483 ,·

148 2666 197 2722 ιιαλ
215 2663 340 2734 Ζάρατος
358 2666 408 2718 τοῦ
428 2659 529 2734 μάγον.
563 2654 632 2730 μεθ’
653 2652 704 2722 οῦς
721 2655 777 2716 ῦπὸ
797 2661 956 2733 Αἰγυπτίων
974 2662 1024 2719 καὶ
1041 2664 1193 2717 Χαλδαίων
1213 2659 1292 2717 ἐπαι·

145 2744 247 2816 δεύθη.
286 2742 345 2800 εἶτα
371 2742 412 2807 είς
433 2738 535 2812 Σάμον
559 2737 652 2795 ἐλθών
677 2738 724 2796 διά
748 2742 917 2815 Πολυκράτη
941 2741 991 2801 τόν
1015 2742 1155 2813 τύραννον
1182 2738 1293 2810 άπήρεν

148 2824 189 2888 εἰς
203 2821 339 2893 Κρότωνα
359 2825 407 2893 της
424 2820 552 2890 Ἰταλίας,
571 2823 623 2875 καί
638 2817 665 2874 τ’
682 2818 744 2891 ἔσχε
764 2822 909 2894 μαθητάς,
928 2824 1080 2895 προτέρους
1099 2844 1127 2879 τε
1148 2818 1294 2891 α’δελφοῦς

150 2901 282 2976 Εὔνομον
301 2905 349 2958 καὶ
366 2899 513 2973 Τυρρηνὸν
533 2902 582 2957 καὶ
601 2902 702 2956 δοῦλον
722 2899 868 2975 Ζάμολξιν,
887 2898 908 2980 ᾧ
926 2906 1012 2963 Γέται
1030 2904 1153 2961 θύουσιν
1168 2899 1205 2967 ὣς
1219 2900 1292 2972 Κρό-

145 3006 199 3059 νῳ,
223 2983 348 3056 γαμετήν
371 3005 400 3039 τε
426 2980 539 3050 Θεανώ,
567 2979 596 3050 ἐξ
620 2976 653 3053 ής
676 2987 777 3050 παῖδες
802 2987 950 3059 Τηλαύγης
973 2985 988 3044 ὁ
1015 2980 1205 3058 τχολαρχήσας
1229 2976 1290 3053 μετ’

147 3061 235 3121 αύτόν
255 3065 302 3119 καλ
318 3062 432 3135 Δάμων,
452 3060 469 3133 ή
486 3059 523 3126 ῦς
538 3084 613 3125 τινες
627 3061 806 3137 Μνήσαρχος,
820 3067 950 3139 θυγάτηρ
969 3068 1000 3126 δὲ
1016 3074 1109 3135 Μυῖα,
1130 3060 1201 3137 ήίός
1220 3083 1294 3126 τινες

145 3142 297 3216 Ἀριγνώτη.
321 3142 518 3215 συνεγράφατο
534 3144 565 3200 δὲ
582 3146 673 3218 βιβλία
688 3148 764 3214 τρία,
779 3147 971 3217 παιδευτικόν,
990 3147 1143 3218 πολιτικόν,
1163 3141 1292 3215 φυσικόν.

146 3224 178 3280 τὸ
192 3226 223 3281 δὲ
238 3223 397 3296 φερόμενον
408 3225 482 3293 (add.
493 3227 597 3294 τρίτον)
608 3220 645 3287 ὡς
655 3223 831 3297 Πυθαγόρου
842 3227 964 3293 Λύσιδός
974 3227 1032 3285 ἐστι
1042 3231 1092 3284 τοῦ
1106 3228 1294 3296 Ταραντίνου,

148 3307 280 3378 μαθητοῦ
300 3302 403 3374 αύτοῦ,
423 3302 565 3376 φυγόντος
583 3303 623 3367 είς
642 3302 739 3377 Θήβας
758 3303 789 3362 ἐκ
809 3311 859 3364 τοῦ
879 3308 1043 3381 ἐμπρησμοῦ
1061 3313 1109 3363 καλ
1128 3312 1294 3376 καθηγησα-

147 3386 234 3458 μένου
256 3382 480 3457 Ἑπαμεινώνδα.
523 3384 597 3448 τινὲς
620 3385 651 3441 δὲ
679 3388 729 3442 καλ
751 3386 784 3442 τά
812 3392 899 3459 χρυσᾶ
927 3389 980 3459 ἔπη
1005 3384 1180 3457 Πυθαγόρου
1205 3384 1293 3454 φασὶν

148 3466 231 3523 εἶναι.
259 3462 392 3537 ἀπείχετο
412 3465 443 3521 δὲ
463 3467 519 3522 τῶν
539 3463 674 3536 ἐμψύχων
693 3469 742 3522 καὶ
759 3466 875 3539 κυάμων
894 3471 943 3524 καλ
961 3467 1013 3538 τήν
1027 3465 1123 3538 ψυχήν
1143 3467 1199 3537 ἔφη
1217 3463 1293 3521 α’θά-
1314 3472 1316 3475 ’

147 3567 242 3602 νατον.
277 3543 513 3617 ἐνενηκοντούτης
532 3545 563 3603 δὲ
583 3549 698 3623 τελευτᾷ
719 3547 789 3618 μετά
807 3551 945 3620 μαθητῶν
953 3546 1000 3621 μ’,
1021 3546 1242 3620 ἐμπρησθέντων
1261 3544 1292 3603 ἐν

149 3627 225 3702 οἰκίᾳ
244 3630 277 3700 τῇ
297 3622 379 3698 αὐτῇ.
416 3623 495 3682 άλλοι
519 3626 552 3682 δέ
571 3647 672 3698 φασιν,
696 3623 739 3682 ὅτι
763 3632 892 3701 πολεμῶν
911 3627 980 3701 μετά
1000 3631 1056 3685 τῶν
1079 3630 1217 3700 μαθητῶν
1236 3623 1293 3682 ῦπὸ

146 3703 365 3777 Ἀκραγαντίνων
391 3703 527 3764 ἀπώλετο.
569 3709 648 3763 Unde
676 3714 806 3779 apparet,
835 3712 864 3767 in
892 3712 994 3767 Suidee
1022 3711 1141 3766 articulo
1170 3713 1294 3766 extreme

149 3788 282 3858 Hesychii
300 3789 387 3842 verba
406 3788 540 3843 excidisse
555 3807 706 3858 eorumque
721 3790 783 3847 loco
797 3792 963 3864 DiqffiVIIL
978 3800 1012 3846 39
1027 3792 1209 3861 compilatum
1225 3807 1292 3845 esse.
1358 3822 1369 3845 ι

150 3868 212 3922 Dixi
234 3868 268 3922 de
287 3867 348 3922 vite
366 3869 480 3937 eiusque
500 3870 701 3924 additamentis
720 3872 789 3927 Μαι.
810 3873 897 3929 Rhen.
917 3873 935 3928 I.
955 3891 977 3928 ο.
1016 3873 1057 3926 Ex
1081 3871 1207 3942 Diogene
1226 3872 1293 3925 Por-

149 3949 297 4018 phyriique
320 3950 378 4002 viba
393 3950 569 4020 Pythagorae
585 3952 657 4018 (coll.
674 3956 689 4016 ξ
704 3958 721 4005 4
735 3952 765 4005 et
781 3957 824 4021 12)
839 3954 987 4009 conflatam
1003 3969 1062 4007 esse
1077 3952 1174 4007 docuit
1187 3951 1294 4018 Rohde‚

149 4029 220 4082 Mus,
240 4030 328 4084 Rhen.
349 4028 465 4082 XXXIII
484 4047 510 4098 p.
527 4036 578 4083 206
597 4036 655 4086 not.
730 4039 742 4086 1
764 4031 952 4103 Μνηστάρχοο
969 4040 1016 4087 BE
1088 4041 1104 4088 2
1123 4035 1230 4104 πρῶτος
1245 4038 1293 4085 ΔΕ

149 4106 389 4177 4ΚρεοφύλονΔ
409 4111 603 4177 ΚρεοφίλουΕ
666 4119 698 4166 12
720 4116 890 4182 ΒροτίνουΔ
909 4118 1061 4181 Βροντίνου
1076 4116 1125 4170 rel.
1187 4120 1220 4168 13
1236 4110 1293 4165 Δά-

149 4207 208 4256 μων
228 4188 316 4241 filium
339 4207 390 4258 pro
414 4189 473 4243 filie
492 4186 578 4260 Δαμώ
604 4192 694 4263 (Diog.
711 4193 787 4263 VIII,
808 4200 834 4258 1)
857 4197 980 4252 errantes
1002 4197 1120 4252 laudent
1143 4193 1242 4248 Suidee
1266 4193 1295 4244 et

149 4268 235 4324 schol.
251 4270 372 4324 Platon:
395 4270 429 4323 ef.
445 4269 552 4338 Rohde,
566 4271 636 4328 Mus.
650 4272 739 4331 Rhen.
754 4275 869 4330 XXXIII
883 4294 910 4345 p.
926 4283 977 4332 205
993 4279 1050 4333 not.
1107 4282 1140 4328 15
1159 4270 1175 4328 ὁ
1191 4267 1294 4326 Πυθά-

149 4369 234 4418 γυρας
253 4355 345 4404 om.V
417 4347 469 4405 δύο
488 4346 576 4421 μόνον
595 4355 687 4422 βιβλία
708 4356 782 4411 Eud.
841 4361 905 4426 τρία
924 4359 992 4413 olim
1012 4357 1146 4425 scriptum
1166 4354 1215 4409 sed
1234 4369 1293 4408 ere-

149 4448 208 4484 eum
224 4429 320 4484 Παλ*
378 4436 408 4483 16
429 4426 551 4498 φυσικὸν
566 4434 631 4500 post
649 4433 793 4491 πολιτικόν
807 4437 942 4493 excidisse
962 4437 1117 4507 suspicatus
1138 4438 1180 4490 est
1195 4436 1294 4489 Μικυ-

148 4512 211 4583 γίιιο
229 4509 259 4564 in
278 4508 359 4578 Diog.
375 4507 480 4580 V111‚6
540 4516 572 4565 19
590 4505 806 4585 Ἐπαμεινώνδα
824 4519 992 4589 Bernhardy
1008 4512 1209 4588 Ἐπαμινώνδα
1228 4515 1295 4570 libri
