3036 5114
587 327 805 385 'HESYcflffln
1207 321 1268 388 177

58 496 261 619 ἡχρόνων
289 492 507 582 Αόρηλιανοῦ
539 492 594 559 καὶ
622 497 821 578 παρατείνας
848 489 910 569 ἕως
937 489 1185 575 Διοκλητιανοῦ
1211 488 1271 556 τοῦ
1299 509 1330 570 ιη
1346 507 1401 562 ια,

37 577 297 691 Μβασιλέως.
335 608 457 690 ἔγραφε
479 605 592 687 βιβλία
615 598 831 686 πάμπλειστα,
855 596 1026 686 φιλόσοφοί
1049 624 1084 665 τε
1102 596 1195 664 καὶ
1176 621 1270 684 ρητο
1441 598 1445 604 ’

127 708 203 795 ρικά
231 709 286 776 καὶ
309 705 531 795 γραμματικά·
559 706 632 793 περὶ
657 701 803 774 θείων’
787 704 964 792 ονομάτων
987 704 1021 772 α’
1024 703 1133 791 ,περὶ
1157 701 1271 790 άρχων

127 818 173 904 β’,
202 817 276 902 περὶ
303 814 385 902 ὕλης
408 813 453 900 ς’,
480 814 554 901 περὶ
580 816 688 901 ψυχῆς
710 812 793 900 πρὸς
816 813 955 899 Βόηθον
978 811 1021 898 ε’,
1049 812 1123 899 περὶ
1147 810 1273 898 άποχής

126 923 283 1011 ἐμψύχων
317 922 364 1008 δ’,
396 921 471 1010 περὶ
502 925 563 989 τοῦ
595 924 707 1007 γνῶθι
738 919 863 988 σαυτόν
892 919 937 1007 δ’,
969 920 1044 1007 περὶ
1073 917 1299 1007 άσωμάτων,ο

126 1033 200 1119 περὶ
224 1033 285 1099 τοῦ
308 1033 389 1117 μίαν
412 1026 500 1096 εἶναι
523 1025 583 1113 τήν
604 1026 788 1107 Πλάτωνος
808 1027 862 1094 καὶ
879 1024 1124 1115 Ἀριστοτέλους
1142 1030 1271 1114 αἵρεσιν

128 1139 166 1225 ζ’,
194 1144 242 1219 είς
268 1136 329 1224 τήν
349 1135 537 1205 Ἰουλιανοῦ
563 1137 623 1202 τοῦ
647 1137 819 1202 Χαλδαίου
844 1134 1037 1223 φιλοσόφου
1061 1138 1211 1223 ίστοριάν
1234 1137 1271 1204 ἐν

126 1251 269 1332 βιβλίοις
298 1245 342 1330 δ’,
372 1241 454 1311 κατά
482 1250 683 1330 χριστιανιόν
711 1239 833 1327 λόγους
863 1244 916 1329 ιε’,
944 1243 1018 1329 περὶ
1045 1246 1104 1329 τής
1126 1239 1271 1330 Ὁμήρου
1297 1265 1308 1307 ².
1348 1288 1351 1295 ,

127 1357 344 1440 φιλοσοφίας,
378 1347 461 1435 πρὸς
490 1346 719 1434 Ἀριστοτέλην
750 1348 824 1433 περὶ
855 1353 916 1416 τοῦ
949 1346 1034 1416 εἶναι
1067 1347 1127 1436 τήν
1160 1348 1272 1437 ψυχήν

129 1462 348 1547 ἐντελέχειαν,
377 1455 563 1544 φιλολόγου
593 1459 741 1539 ίστορίας
767 1460 881 1542 βιβλία
908 1455 950 1541 ε’,
976 1456 1052 1542 περὶ
1075 1457 1194 1542 γένους
1216 1456 1271 1523 καί
1286 1477 1312 1516 10

128 1573 241 1649 είδους
267 1567 322 1636 καὶ
351 1567 516 1651 διαφοράς
543 1562 598 1630 καὶ
625 1567 715 1630 ίδίου
737 1562 793 1629 καὶ
817 1563 1078 1650 συμβεβηκότος,
1105 1565 1272 1651 περὶτῶν
1387 1592 1391 1599 ’

126 1674 209 1743 κατά
229 1678 406 1758 Πίνδαρον
428 1675 490 1740 τοῦ
509 1676 637 1738 Νείλου
654 1672 782 1756 πηγῶν,
805 1669 880 1757 περὶ
899 1674 957 1757 τῆς
976 1672 1009 1753 ἐξ
1023 1668 1169 1760 Ὁμήρου
1188 1668 1272 1759 ὤφε-

129 1789 218 1862 λείας
242 1785 310 1848 τῶν
333 1780 499 1866 βασιλέων
523 1781 636 1875 βιβλία
660 1775 697 1862 ι’,
728 1782 919 1865 συμμίκτων
944 1778 1135 1866 ζητημάτων
1160 1778 1198 1864 ζ’,
1227 1784 1274 1860 είς

126 1890 165 1960 τὸ
200 1890 420 1980 ζΘουκυδίδου
458 1890 651 1972 προοίμιον,
693 1881 776 1977 πρός
809 1883 1016 1970 Ἀριστείδην,
1048 1885 1086 1972 ζ’,
1115 1885 1180 1977 Ιείς
1210 1885 1273 1974 τήν

85 2007 88 2010 ’
129 1997 366 2068 Μινουκιανοῦ
384 1990 520 2082 τίχνηνΙ
544 1992 599 2058 καὶ
622 1987 706 2058 άλλα
729 1999 871 2059 πλείστα.
900 1989 906 2082 Ι
925 1992 980 2059 καὶ
998 1992 1140 2080 μάλιστα
1154 1992 1271 2083 άστρο-
1287 2013 1312 2055 15

128 2104 329 2193 νομοόμενα,
348 2104 385 2171 ἐν
404 2095 454 2180 οἷς
468 2099 522 2166 καί
537 2097 724 2185 εἰσαγωγήν
739 2095 1064 2188 άστρονομουμίνων
1079 2103 1116 2169 ἐν
1130 2107 1273 2189 βιβλίοις

126 2211 183 2303 γ’]
209 2210 265 2279 καὶ
293 2202 519 2295 γραμματικός
547 2202 688 2291 ἀπορίας
719 2195 831 2287 [οὗτός
860 2207 955 2274 ἐστιν»
979 2204 997 2276 δ
1025 2207 1224 2298 Πορφόριος
1253 2208 1291 2279 δι

126 2319 189 2407 τήν
212 2316 294 2386 κατὰ
319 2316 520 2403 χριστιανῶν
544 2310 749 2398 ἐφόβριστον
772 2316 928 2398 γλῶσσαν
950 2316 1111 2403 κινήσας]

216 2425 375 2493 DCLXII.
409 2417 684 2497 Ποσειδώνιος
700 2415 862 2506 Ἀπαμεὺς
885 2421 920 2488 ἐκ
940 2428 1069 2509 Συρίας
1091 2420 1112 2511 ή
1132 2420 1271 2513 Ῥόδιος,

127 2531 314 2621 φιλόσοφος
333 2524 493 2610 Στωικός,
517 2521 553 2605 ὃς
576 2524 743 2612 ἐπεκλήθη
765 2523 935 2619 ᾎδλητής.
972 2528 1096 2618 σχολήν
1116 2531 1153 2599 δὲ
1177 2537 1271 2620 ἔσχεν
1285 2551 1312 2592 ιο
1347 2542 1348 2547 ’
1386 2542 1391 2557 ¹

127 2641 163 2707 ἐν
182 2637 297 2728 Ῥόδῳ,
326 2635 483 2721 διάδοχος
512 2629 659 2719 γεγονὼς
685 2633 741 2700 καὶ
771 2632 922 2722 μαθητής
945 2643 1142 2706 Παναιτίου.
1187 2633 1272 2726 ήλθε

43 2735 87 2772 ''‘
127 2746 164 2814 δὲ
187 2747 242 2813 καὶ
265 2749 312 2822 είς
329 2740 460 2829 Ῥώμην
484 2740 536 2809 ἐπὶ
561 2738 706 2823 Μάρκου
729 2745 941 2827 Μαρκέλλου.
989 2749 1111 2831 ἔγραψε
1134 2746 1265 2829 πολλά.ὶ

129 2886 341 2894 ..---.....-—-

127 2971 266 3039 Λογγίνοο
285 2970 335 3023 τοῦ
354 2958 527 3035 φιλοσόφου,
547 2959 608 3016 εἶτα
624 2965 769 3019 Πλωτίνου
786 2969 852 3034 posi
865 2964 1044 3037 γραμματικά
1059 2970 1192 3025 exhibent
1205 2970 1271 3027 libri

127 3057 143 3104 4
163 3051 228 3118 περὶ
248 3045 296 3104 άπ.
313 3081 343 3089 -—
359 3040 463 3101 σαυτὸν
482 3039 510 3096 δ’
527 3047 592 3114 post
610 3045 717 3112 αἵρεσιν
733 3043 757 3110 ζ’
770 3046 845 3103 Eoo.
901 3055 916 3103 7
937 3047 977 3110 είς
995 3044 1201 3109 τὰς’ίουλιανοῦ
1220 3053 1271 3107 τοῦ

128 3132 288 3197 Χαλδαίου,
307 3122 471 3196 φιλοσόφων
490 3121 614 3193 ἶστορίαν
636 3125 759 3179 Valesius
777 3126 806 3179 in
828 3127 934 3184 Sozom.
954 3129 1040 3196 1,1s;
1065 3131 1113 3184 sed
1134 3148 1271 3187 common·

127 3211 213 3266 iarios
232 3211 266 3264 nd
287 3207 388 3263 lulioni
406 3204 471 3273 περὶ
490 3200 632 3275 δαιμόνων
652 3204 737 3260 fnisse
756 3206 828 3262 vidit
847 3209 1019 3280 θαίεαίιπιίιλ,
1038 3211 1134 3280 itaque
1153 3210 1271 3268 fortasse

126 3292 192 3359 post
211 3286 260 3343 ἷοτ.
280 3287 413 3342 excidisse
433 3281 591 3354 φιλόσοφον
611 3283 734 3354 ἱστορίαν
772 3343 773 3346 ,
793 3293 810 3342 8
829 3285 901 3343 κατά
921 3310 1004 3360 χριοτ.
1024 3323 1059 3332 —-
1078 3289 1110 3346 ιε’
1127 3311 1181 3348 om.
1196 3299 1227 3361 V,
1247 3313 1270 3349 ε.

127 3369 173 3424 fin.
188 3370 273 3425 habet
287 3368 362 3423 Eud.
425 3372 457 3420 10
477 3367 568 3438 βιβλία
588 3361 610 3420 ε’
626 3398 661 3408 ·-
679 3364 816 3436 βασιλέων
835 3375 922 3423 omv
996 3378 1028 3426 13
1048 3374 1112 3440 post
1135 3374 1228 3442 βιβλία
1247 3370 1268 3425 ι’

128 3449 191 3504 αδδ.
208 3448 282 3503 Eud.
302 3450 384 3503 haec:
403 3443 453 3508 τὰς
467 3443 642 3515 καλοιμένας
658 3445 682 3502 ε’
699 3445 797 3517 φωνάς
816 3443 832 3516 ἢ
852 3443 881 3517 (ἢ
901 3449 963 3503 add
980 3450 1076 3515 Doub)
1090 3451 1139 3518 τῆς
1155 3447 1269 3520 Ἀριστο-

126 3527 224 3590 τέλους
241 3528 354 3596 λογικῆς
372 3528 564 3595 πραγματείας
583 3527 741 3595 μεθοδικάς
759 3523 927 3596 εἰσαγωγάς,
946 3531 1092 3599 postquam
1112 3533 1197 3584 anien
1215 3548 1269 3586 om.

128 3607 359 3677 περλγένους
382 3608 468 3677 ουμβε
472 3603 596 3677 βηκότος.
622 3606 662 3662 Cf.
678 3607 780 3675 Zellor,
797 3606 867 3662 Phil
883 3610 909 3664 h.
925 3609 1057 3680 11‚2³p
1074 3616 1134 3664 213
1165 3610 1270 3666 Verum

127 3688 242 3743 titulum
256 3687 341 3741 fuisse
356 3679 526 3777 εἰσαγωγὴ
510 3707 527 3754 η
542 3686 656 3754 περὶ
621 3706 676 3741 των
690 3687 773 3742 πέντε
791 3690 895 3756 φωνῶν
909 3651 981 3744 vidit
996 3690 1080 3745 Doub
1138 3699 1170 3747 14
1185 3693 1213 3748 εί
1236 3726 1269 3734 -

128 3770 229 3839 τέχνην
244 3768 280 3822 od
295 3766 488 3837 cognominem
503 3767 613 3820 rettulit
626 3768 804 3839 Bernhardy,
827 3771 873 3824 oui
888 3771 974 3825 otiam
990 3771 1075 3829 libros
1089 3773 1124 3829 de
1140 3774 1226 3829 Thuc.
1243 3780 1271 3831 et

127 3848 243 3904 Aristid.
259 3849 337 3903 dedit
351 3848 511 3902 Gutsohmid
568 3843 644 3902 ιίιάλ
647 3853 682 3902 λα
698 3881 730 3890 -
746 3855 875 3922 πλειοτα,
893 3848 996 3922 ομοίως
1011 3851 1042 3908 δὲ
1058 3848 1154 3907 καὶ
1122 3873 1174 3908 ουκ
1189 3850 1270 3924 ολιγα

128 3926 321 3997 οἱοτρολογιιιά,
340 3924 371 3983 ἐν
386 3926 427 3990 οἷς
443 3928 517 3982 an.
546 3928 675 3984 Ceterum
690 3931 776 3986 verba
789 3932 838 3986 καλ
851 3930 970 4003 μάλιστα
984 3965 1018 3973 -
1033 3936 1087 4008 βιβ
1102 3929 1131 4004 γ’
1152 3935 1187 3988 ωδ
1202 3936 1270 3992 alto·

128 4027 189 4065 rum
209 4008 392 4078 Porphyrium
416 4011 620 4075 astronomum,
643 4012 838 4081 cognominem
856 4013 957 4083 nostri,
981 4017 1106 4084 spectare
1128 4018 1271 4087 perspexit

129 4090 300 4154 Gutochmid3
320 4088 408 4143 nonii-i
427 4087 574 4156 Porphyrii
592 4089 678 4144 libros
693 4109 750 4146 non
764 4109 838 4162 osne,
857 4096 991 4164 probator
1011 4096 1097 4150 otiam
1113 4097 1206 4152 vorbis
1221 4098 1270 4152 καί

129 4164 156 4226 ά.
175 4174 304 4238 πλεῖστα,
322 4169 423 4238 quibus
442 4168 517 4223 vitae
536 4169 598 4223 finis
617 4171 764 4242 impositus
783 4177 839 4242 out,
857 4176 954 4244 itaque
973 4177 1016 4231 vol
1036 4196 1117 4246 γραμ.
1138 4173 1185 4231 άπ.
1204 4178 1269 4233 Por·

128 4249 229 4321 phyrio
254 4249 440 4305 abiudioandn
459 4251 524 4302 sunt
598 4257 629 4304 lo
648 4250 829 4325 εἰσαγωγήν
892 4264 923 4312 17
942 4248 1095 4325 οὖνοςιθη
1111 4275 1164 4312 om.
1181 4257 1269 4324 Ειιδς

129 4331 163 4386 do
178 4330 361 4386 additament
354 4349 377 4384 ιο
341 4328 495 4383 tSuidne
510 4327 567 4382 dixi
578 4330 647 4386 Mus.
665 4333 754 4392 Rhon
765 4334 782 4392 l.
794 4352 816 4391 o.
832 4336 983 4392 leotoiibus
996 4337 1096 4391 tnbmt
1104 4337 1270 4406 Bernhardy

200 4411 321 4466 DCLXII
341 4412 416 4466 Eud.
436 4428 462 4478 p.
478 4415 538 4466 610,
568 4409 608 4464 Cf.
625 4431 650 4467 v.
667 4417 827 4478 Παναίτιος.
855 4417 896 4472 De
915 4434 987 4472 θον
1002 4415 1104 4470 Mdller
1124 4416 1159 4469 111
1175 4435 1202 4486 p
1216 4422 1269 4470 245

130 4497 163 4546 19
178 4511 249 4544 κατα
266 4491 297 4545 δέ
313 4491 475 4552 τιναςΕαιί
532 4498 565 4548 20
580 4512 611 4556 ος
626 4509 679 4550 om
692 4502 742 4550 AV
797 4499 864 4552 nni.
880 4515 903 4552 e.
919 4496 1052 4551 Marcello
1068 4497 1268 4557 consulendi

181 4589 333 4643 Ennomon,
345 4589 379 4631 od.
393 4590 472 4632 βίαια
1023 4590 1056 4641 12
