3036 5114
243 314 328 374 nxvr
350 283 354 292 ’
671 320 955 381 euouuconsuu.

243 484 314 568 ipso
343 482 443 548 Suida
475 484 649 569 adscripta.
695 485 804 552 Verba
832 475 930 564 οὗτος
948 509 1014 573 seq.
1042 492 1128 553 certe
1161 510 1199 553 ex
1229 487 1389 574 Sophron.

243 613 269 656 ο.
286 592 327 655 13
350 615 370 655 a
393 590 492 657 Suida
514 593 698 677 compilata.

332 708 427 791 Aliae
447 730 574 795 quoque
589 709 687 792 vitae,
706 711 795 776 velut
811 710 957 794 Damasi,
973 710 1122 796 Dionysii
1136 711 1346 777 Alexandrini
1354 712 1389 796 ¹),

242 815 390 900 Esseni,
418 815 566 901 Gregorii
593 816 767 902 Theodori,
795 818 890 904 Greg.
916 817 1106 903 Nyssensis‚
1136 817 1254 884 Iustiui
1286 819 1388 904 philo-

244 922 351 1007 sophi,
375 922 458 989 Iusti
483 923 681 990 Tiberiensis
708 927 819 990 eadem
844 926 883 991 de
903 948 999 991 causa
1019 927 1059 992 ab
1079 925 1244 1010 Hesychio
1267 927 1386 1011 partim

244 1049 281 1092 ex
305 1027 486 1112 Sophronio
510 1031 689 1117 descriptae
712 1032 862 1097 videntur
885 1054 968 1116 esse,
993 1055 1085 1117 quas,
1111 1055 1184 1098 cum
1213 1054 1277 1097 non
1307 1034 1387 1098 satis

244 1136 283 1200 de
306 1158 345 1201 ea
367 1159 401 1202 re
425 1142 564 1222 constet,
588 1140 622 1202 in
646 1139 751 1205 medio
774 1140 966 1225 relinquam.

332 1252 457 1337 Restat,
481 1257 517 1318 ut
540 1255 762 1339 quaestionem
786 1256 1005 1342 instituamus,
1027 1278 1090 1340 quo
1115 1278 1153 1320 ex
1177 1258 1277 1321 altero
1298 1255 1388 1322 fonte

243 1359 333 1424 iuxta
347 1358 564 1445 Sophronium
578 1360 763 1446 Hesychius
779 1385 836 1426 sua
852 1363 892 1426 ad
907 1363 992 1427 vitas
1007 1366 1176 1427 auctorum
1196 1363 1388 1428 eeclesiasti-

244 1488 355 1532 corum
380 1468 606 1534 describendas
630 1468 785 1535 hauserit.
830 1469 940 1553 Atque
962 1473 1028 1534 iam
1047 1468 1128 1534 Mus.
1148 1468 1248 1535 Rhen.
1263 1468 1387 1534 XXXV

243 1597 274 1658 p.
292 1575 353 1639 199
365 1566 429 1659 seq.
460 1575 623 1642 Theodori
647 1576 808 1660 Laetoria,
832 1577 1000 1661 scriptoris
1024 1578 1195 1643 clarissimi
1219 1577 1274 1664 (cf.
1293 1577 1387 1643 Phot.

243 1680 327 1745 bibl.=
340 1704 370 1767 p.
390 1681 484 1768 222),
516 1682 685 1748 historiam
716 1684 981 1768 ecclesiasticam,
1010 1707 1106 1769 quam
1134 1685 1244 1749 laudet
1272 1683 1386 1750 suidas

244 1810 272 1853 u.
306 1784 485 1874 Διόδωρος
520 1788 676 1876 nordgoau
712 1790 944 1876 (fragmentum
981 1795 1070 1856 extat
1111 1793 1145 1856 in
1183 1791 1230 1856 ed.
1262 1792 1387 1858 Valesii

244 1917 274 1979 p.
293 1895 358 1961 569
369 1919 445 1983 seq„
468 1896 587 1984 Migne,
606 1897 729 1963 Patrol.
743 1897 919 1981 LXXXVI,
941 1900 955 1962 1
973 1921 1003 1983 p.
1018 1894 1113 1983 215),
1135 1897 1257 1964 fontem
1284 1897 1386 1982 Hesy-

243 2003 308 2068 chii
332 2003 451 2070 Milesii
474 2005 508 2070 in
533 2004 607 2070 vitis
629 2006 879 2071 christianorum
900 2002 1111 2090 auctorum²)‚
1135 2005 1190 2090 qui
1209 2009 1284 2089 post
1302 2003 1386 2097 Con-

207 2103 215 2122 ⁹
244 2112 379 2177 stantini
405 2115 544 2178 aetatem
568 2113 730 2197 vixerunt,
758 2113 858 2178 fuisse
883 2113 1066 2197 suspicatus
1096 2133 1180 2195 sum,
1212 2111 1297 2195 quod
1326 2111 1387 2176 hac

244 2218 464 2303 disputatione
497 2220 617 2285 certius
651 2219 809 2285 redditum
843 2242 913 2284 esse
948 2220 1083 2286 confido.
1132 2217 1218 2283 Nam
1248 2239 1320 2282 cum
1349 2240 1387 2282 ex

244 2326 302 2390 illa
324 2327 392 2391 vita
409 2326 618 2411 Hesychiana
637 2326 842 2391 Theodorum
862 2326 1028 2391 Lecturam
1053 2326 1086 2389 iu
1104 2324 1274 2390 historiam
1294 2347 1386 2390 suam

244 2433 486 2499 accuratissime
523 2435 622 2499 etiam
659 2435 815 2498 librorum
849 2434 978 2498 tabulas
1011 2433 1173 2497 derivasse
1205 2432 1386 2517 concludas,

244 2539 443 2624 Hesychium
469 2544 502 2606 et
525 2540 699 2626 Sophronii
728 2545 761 2605 et
787 2545 956 2625 praeterea
979 2539 1139 2604 Theodori
1167 2536 1312 2632 hectoris
1341 2539 1385 2603 in·
1497 2571 1500 2576 ·

244 2647 329 2714 (lices
368 2650 561 2736 compilasse
593 2672 650 2734 per
681 2671 715 2714 se
748 2648 880 2732 patebit.
935 2645 1094 2711 Omnibus
1127 2646 1212 2710 enim
1245 2646 1278 2710 in
1311 2645 1387 2710 vitis

244 2755 450 2839 potissimum
473 2757 554 2821 duos
577 2755 733 2820 librorum
758 2754 878 2819 indices
897 2755 1075 2837 permixtos
1095 2757 1128 2817 et
1146 2752 1296 2817 confusos
1316 2775 1386 2817 esse

245 2852 389 2948 apparet.
415 2861 589 2928 Cuiusnam
606 2865 713 2927 autem
728 2862 853 2947 generis
873 2868 1020 2926 auctores
1035 2859 1270 2925 ecclesiasticos
1285 2859 1386 2944 Hesy-

244 2969 336 3034 chius
364 2971 399 3033 in
427 2970 528 3034 lexico
557 2991 615 3034 suo
643 2991 708 3034 non
730 2968 948 3054 neglegendos
973 2989 1042 3032 esse
1065 2966 1238 3050 censuerit,
1265 2967 1386 3031 iamin

245 3076 352 3161 primo
375 3074 632 3162 Prolegomenon
656 3075 761 3158 capite
786 3075 929 3159 exposui.

161 3208 241 3287 §11
332 3193 452 3258 Mirum
484 3191 620 3277 denique
647 3191 772 3256 videtur
801 3212 884 3273 esse,
918 3188 1002 3273 quod
1030 3187 1129 3253 etiam
1157 3190 1386 3254 nonnullorum

245 3298 500 3364 Romanorum
525 3301 723 3364 auctorum
747 3297 831 3362 vitas
850 3295 1031 3380 Hesychius
1053 3295 1155 3361 lexico
1180 3319 1238 3362 suo
1260 3297 1387 3381 biogra-

245 3405 340 3490 phico
368 3406 516 3490 inseruit,
545 3427 738 3492 quamquam
764 3426 797 3469 se
821 3403 960 3469 Graecos
984 3406 1112 3468 tantum
1137 3425 1206 3468 esse
1229 3406 1386 3468 tractatu·

245 3536 315 3579 rum
349 3514 439 3580 nullo
468 3516 540 3582 loco
568 3513 775 3599 praedicauit.
826 3509 909 3576 Sunt
937 3516 1044 3575 autem
1069 3504 1214 3586 Ἀσίνιος
1241 3511 1388 3574 Πωλίων

247 3619 302 3705 (cf.
320 3620 495 3707 Πωλίων),
524 3615 719 3703 Αὔγουστος
743 3623 890 3701 Καῖσαρ,
922 3613 1064 3701 Βάρρων
1090 3614 1142 3702 (de
1165 3638 1228 3701 quo
1251 3616 1297 3680 nil
1321 3638 1387 3680 om·

245 3724 483 3811 nino'constat‚
506 3728 570 3792 nisi
593 3727 743 3791 mendum
766 3726 800 3790 in
823 3723 952 3789 nomine
976 3722 1086 3809 latet),
1105 3723 1264 3805 Baeticos,
1289 3717 1390 3796 Γάϊος

244 3827 383 3910 Ἰούλιος
406 3838 554 3917 Καῖσαρ,
580 3830 681 3910 Γάϊος
704 3837 856 3917 Καῖσαρ,
879 3826 1011 3908 Elatus
1029 3824 1168 3912 Ῥόδιος,
1191 3824 1389 3911 Eurotam,

248 3943 378 4025 Καῖσαρ
410 3940 574 4027 Τιβέριος,
607 3935 820 4016 Κλαυδιανὸς
845 3931 1093 4022 Ἀλεξανδρεύς,
1132 3933 1343 4020 Τράγκυλλος
1370 3928 1388 3998 ὁ

239 4043 477 4130 ,Σοοητιόνιος,
500 4072 577 4115 nam
600 4047 763 4113 Iuvenalis
787 4047 888 4112 vitam
913 4068 930 4111 e
952 4044 1093 4109 Malalae
1116 4043 1278 4125 historiis,
1300 4040 1389 4107 Cice·

248 4176 300 4183 --
307 4174 459 4183 ...m-*l

320 4242 346 4309 1)
370 4238 412 4294 De
434 4240 488 4293 hoc
510 4241 569 4295 iure
592 4240 703 4296 dubites
727 4241 791 4298 coll.
811 4240 894 4310 Soph.
914 4257 936 4293 c.
957 4244 999 4293 69.
1025 4268 1057 4278 -
1082 4235 1202 4291 Omnino
1220 4234 1388 4305 Hesychium

249 4323 376 4377 auctores
395 4320 598 4376 ecclesiasticos
616 4323 751 4377 tractasse
771 4323 857 4390 negat
876 4320 968 4388 Daub,
988 4318 1067 4373 stud.
1086 4333 1113 4386 p.
1130 4321 1189 4370 130.

318 4405 345 4470 2)
366 4400 407 4457 De
425 4400 523 4456 eodem
541 4418 615 4455 nunc
633 4400 667 4455 cf.
688 4401 827 4469 Sarrarin,
847 4401 881 4455 de
900 4399 1047 4454 Theodoro
1061 4396 1191 4464 hectore,
1210 4394 1389 4464 Theophanis

248 4483 324 4539 fonte
343 4482 507 4555 praecipuo,
525 4481 555 4537 in
574 4481 679 4537 Comm.
699 4481 766 4551 phil.
787 4484 844 4541 Ian.
864 4501 889 4553 p.
907 4484 958 4535 166
972 4494 1028 4547 seq.
