3036 5114
191 308 216 362 X
624 307 900 365 PROLEGOMENA

191 476 301 558 gestas
326 495 406 556 non,
434 476 471 537 ut
494 472 556 537 sibi
584 476 810 559 proposuerat,
840 496 974 559 prorsus
998 473 1178 539 absolvisse
1206 474 1337 560 patet.¹)

191 577 285 644 Unde
305 580 333 644 si
347 578 549 664 Hesychium
568 578 741 646 Iustiniani
760 584 868 646 aetate
882 582 932 645 vel
950 582 1049 666 paulo
1071 584 1148 666 post
1171 582 1338 667 scripsisse

191 688 272 752 satis
304 687 517 772 probabiliter
555 688 744 754 concludere
776 690 826 755 fas
860 693 924 775 est,
959 690 1062 755 altero
1095 689 1192 754 inniti
1225 712 1337 774 possu-

191 816 262 861 mus
285 795 356 861 loco
378 793 584 861 Constantin.
603 796 762 882 Porphyr.
786 797 825 862 de
843 797 992 862 Themat.
1012 796 1065 861 lib.
1084 795 1153 881 1,2
1177 790 1337 883 οὔτεγὰρ

191 897 383 986 Προκόιιιος
411 896 488 967 οὔτε
512 901 714 989 Μένανδρος
741 901 810 989 (qui
838 903 1008 968 historiam
1040 925 1200 968 annorum
1223 904 1336 970 558-

191 1009 257 1074 582
281 1007 425 1096 scripsit)
450 1005 526 1075 οὔτε
544 1004 729 1096 Ἡσύχιος
748 1005 1015 1096 Ἰλλούστριος
1037 1006 1263 1094 ἐμνημόνευσε
1282 1008 1337 1077 καὶ

190 1112 347 1182 τοιούτου
371 1110 551 1201 ὀνόματος,
576 1118 610 1182 οἱ
631 1112 670 1182 ιὰ
694 1113 834 1203 χρονικὰ
858 1114 1079 1196 συντάξαντες
1101 1115 1154 1183 ἐπὶ
1177 1119 1235 1202 τῆς
1255 1113 1337 1185 ’loos

190 1225 365 1290 στινιανοῦ
388 1226 556 1308 βασιλείας
578 1222 632 1311 (cf.
655 1223 711 1290 lib.
734 1222 778 1311 II,
805 1222 852 1310 8),
883 1247 921 1290 ex
949 1246 1012 1309 quo
1035 1223 1233 1310 Hesychium
1261 1231 1338 1312 post

189 1330 360 1397 Menandri
387 1329 584 1397 Protectoris
613 1335 761 1416 tempora
788 1331 907 1397 vixisse
941 1331 1053 1417 colligi
1081 1335 1199 1416 potest.
1245 1333 1338 1410 Quod

190 1440 217 1505 si
236 1438 410 1504 Iustiniani
434 1442 573 1504 sebalem
592 1437 705 1504 laudat
728 1442 854 1523 auctor,
877 1439 925 1503 nil
944 1438 1008 1503 nisi
1027 1442 1153 1504 sextum
1173 1441 1336 1507 saeculum

188 1546 361 1613 Iustiniani
386 1546 593 1632 potissimum
615 1547 711 1612 rebus
737 1547 838 1633 gestis
861 1547 1058 1612 celebratum
1082 1547 1230 1634 intellegi
1257 1549 1338 1634 vult,

189 1677 261 1721 curn
286 1677 326 1719 ne
349 1653 561 1719 Menandrum
585 1653 714 1739 quidem
738 1654 798 1719 sub
821 1653 1018 1739 Iustiniano,
1042 1654 1098 1719 sed
1122 1655 1182 1721 sub
1202 1654 1334 1722 Tiberio

189 1760 222 1826 II
246 1759 452 1848 (ovs-582)
478 1761 645 1846 scripsisse
669 1765 803 1828 constet
840 1759 933 1827 Unus
957 1765 1065 1827 autem
1088 1766 1191 1827 restat
1213 1762 1253 1829 de
1271 1762 1335 1828 He-

189 1867 300 1953 sychio
326 1869 416 1934 locus
445 1869 666 1935 memorabilis
690 1867 818 1954 Codini,
846 1868 884 1934 de
908 1870 989 1955 orig.
1013 1867 1124 1935 Const.
1149 1892 1180 1954 p.
1206 1871 1246 1935 18
1274 1868 1336 1956 (ed.

189 1973 321 2063 Bona),
350 1976 406 2040 ubi
434 1975 481 2040 ita
505 1999 539 2041 se
566 1997 717 2041 narrasse
746 1974 824 2040 dicit
847 1980 972 2060 auctor,
1000 1969 1114 2054 καθὼς
1142 1976 1335 2058 ἱστοροῦσιν

189 2077 398 2166 Εὐινχιανός
425 2120 466 2130 -
495 2080 550 2149 καὶ
580 2077 767 2168 Εὐιρόιιιος
801 2080 819 2148 ὁ
847 2079 1007 2167 σοφιστής
1040 2120 1075 2131 -
1105 2078 1272 2160 Ἐλεύσιος
1300 2108 1335 2150 τε

189 2186 347 2268 διάκονος
374 2185 392 2256 ὁ
422 2187 673 2276 φιλόσοφος-
707 2193 854 2276 Τρωίλος
882 2183 899 2255 ὁ
928 2185 1039 2275 ῥήτωρ
1069 2226 1106 2237 -
1136 2188 1200 2255 nal
1222 2185 1336 2256 Ἡσύ·
1425 2254 1432 2265 ,

187 2322 273 2382 χιος
304 2292 321 2364 ὁ
352 2294 648 2385 ταχυγροὶφοςΫ)
695 2285 788 2364 οὗτοι
818 2292 940 2374 πάντες
968 2291 1128 2363 αὐτόπται
1159 2293 1335 2382 γενόμενοι

188 2407 257 2471 τῶν
290 2406 471 2490 τηνικαῦτα
507 2405 727 2492 πραχθέντων
764 2399 908 2488 ἀκριβῶς
942 2401 1038 2469 ταυτὶ
1072 2401 1334 2490 συνεγράψαντο.

189 2510 251 2580 Sed
273 2513 312 2579 de
336 2519 495 2599 tempore,
517 2536 581 2600 quo
600 2512 782 2599 Hesychius
803 2511 931 2596 vixerit,
954 2512 1076 2596 pariter
1098 2512 1218 2577 erravit
1241 2510 1335 2579 Codi-

187 2643 249 2686 nus
273 2643 310 2686 ac
334 2621 373 2687 de
394 2621 511 2707 Troili,
534 2644 607 2687 curn
626 2620 834 2687 Constantini
858 2642 913 2685 eos
936 2620 1086 2705 aequales
1110 2619 1210 2685 fuisse
1233 2624 1335 2705 putet,

188 2727 220 2792 id
238 2729 323 2814 quod
342 2731 469 2795 notavit
487 2729 605 2795 Muller
621 2727 669 2794 IV
683 2744 718 2813 'p.
737 2730 771 2812 4;
794 2750 872 2794 nam
890 2731 1039 2793 nostrum
1058 2712 1257 2812 Hesychium
1274 2727 1334 2793 hli-

188 2834 317 2918 lesium,
346 2857 451 2920 aquo
476 2835 601 2921 ipsein
627 2835 722 2899 rebus
747 2832 1119 2918 Constantinopolitanis
1147 2835 1334 2901 enarrandis

187 2943 276 3007 totus
299 2942 430 3028 pendet,
454 2964 526 3008 eum
545 2942 724 3026 respexisse
744 2940 916 3007 admodum
941 2940 1009 3005 veri
1033 2941 1139 3006 simile
1163 2945 1221 3008 est.

275 3047 389 3134 Itaque
414 3071 487 3115 cum
506 3072 544 3115 ex
564 3071 674 3115 eorum
694 3052 876 3133 auctorum,
900 3048 954 3133 qui
974 3047 1012 3113 de
1032 3047 1197 3133 Hesychio
1222 3056 1335 3135 agunt,

187 3156 393 3241 opinionibus
416 3157 463 3220 nil
488 3157 568 3222 certi
592 3155 631 3220 de
654 3154 715 3221 hac
739 3154 927 3239 quaestione
951 3155 1057 3239 possit
1078 3156 1217 3241 percipi,
1244 3180 1334 3242 prae·

187 3263 391 3329 stantissima
413 3264 509 3329 nobis
528 3264 705 3328 afferuntur
725 3267 918 3348 argumenta
937 3284 976 3327 ex
994 3262 1124 3328 illorum
1142 3263 1228 3346 vitis,
1251 3286 1333 3350 quos

186 3371 256 3454 ipse
283 3369 467 3456 Hesychius
498 3370 668 3455 descripsit
698 3407 739 3417 -—
771 3392 835 3455 qua
866 3369 904 3433 de
934 3391 968 3434 re
998 3370 1122 3454 primus
1153 3369 1334 3455 disputavit

187 3476 223 3543 0.
242 3476 429 3563 Schneider,
457 3476 583 3544 Gallim.
606 3477 638 3543 II
662 3501 692 3561 p.
716 3474 791 3563 27³)
817 3514 857 3522 -
887 3477 971 3541 inter
998 3497 1079 3561 quos
1107 3475 1238 3542 Petrum
1264 3475 1332 3544 Ma·

260 3746 285 3812 l)
309 3743 407 3812 Neque
426 3745 513 3812 enim,
538 3741 605 3813 quid
624 3741 718 3808 Daub,
737 3740 815 3796 Stud.
835 3759 861 3811 p.
878 3745 928 3795 151
952 3746 1009 3797 not.
1029 3742 1064 3797 de
1088 3743 1141 3798 hac
1165 3758 1194 3797 re
1213 3741 1329 3809 indicet,

185 3822 329 3894 intellego.

257 3906 284 3971 a)
304 3902 416 3960 Patrem
435 3906 495 3962 eius
514 3901 665 3976 δικηγὸρον
684 3903 769 3958 luisse
788 3900 887 3957 Snidss
904 3903 1008 3956 narrat.

258 3984 285 4053 3)
305 3983 359 4050 Qui
377 3983 462 4040 hosce
476 3984 547 4040 sexti
561 3984 665 4040 saeculi
679 3982 827 4053 scriptores
841 3981 1027 4037 enumeravit:
1046 3980 1192 4052 Agathias,
1207 3981 1327 4038 Christo·

186 4064 284 4131 dorus,
309 4062 458 4135 Coluthus,
481 4065 659 4133 Damascius,
676 4063 831 4133 Eugenius,
851 4061 1030 4128 Eustathins,
1052 4061 1231 4128 Hermolaus,
1257 4060 1329 4115 Mul-

186 4144 267 4212 chns,
290 4144 444 4216 Marianus,
467 4146 602 4202 Nicolaus
625 4146 733 4213 rhetor,
757 4141 952 4212 Pamprepius,
971 4141 1134 4210 Panolbins,
1153 4141 1252 4196 Petrus
1270 4142 1329 4196 Ma-

186 4226 282 4297 gister,
301 4225 461 4295 Procopius,
474 4225 639 4282 Timotheus
653 4225 786 4293 (isaacus,
801 4223 995 4291 Tribonianus‚
1012 4221 1145 4278 Zosimus.
1165 4219 1223 4275 Nec
1237 4220 1329 4277 minus

186 4310 261 4362 recte
280 4306 355 4361 idem
375 4306 542 4377 observavit,
561 4308 590 4361 in
607 4307 706 4378 glossis
722 4301 873 4375 Ἆψόοιιος,
894 4297 1062 4372 Γνμνάσιος,
1077 4295 1230 4371 Ἑλλάδος,
1248 4300 1329 4357 Θέων

185 4386 337 4457 Σιδώνιος,
359 4383 525 4460 Ἰάμβλιχος,
547 4382 699 4452 Ἰουλιανὸς
722 4384 850 4456 Δόμνον,
876 4379 1023 4454 Αιβάνιος,
1046 4374 1208 4444 Οὐλπιανὸς
1230 4375 1328 4435 Ἀντιο-

186 4465 266 4539 χιός,
289 4464 462 4536 Παλλάδιος,
487 4469 601 4531 Παῦλος
624 4464 786 4538 Αἰγύπτιος,
810 4462 995 4536 Προαιοέσιος
1018 4463 1053 4517 de
1073 4460 1254 4518 Constantino
1277 4462 1328 4516 im·
