3036 5114
649 338 864 396 HESYCHIUS.
1281 339 1323 403 41

182 504 386 588 Περικλέους
408 502 463 568 καὶ
488 497 697 590 Ἰσοκράτους
723 502 776 569 καὶ
798 499 1057 588 Ἀλκιδάμαντος
1079 505 1140 573 τοῦ
1164 498 1326 584 Ἐλαΐτου,

182 605 219 689 ὃς
247 607 352 677 αὐτοῦ
379 611 434 677 καὶ
465 605 533 697 τὴν
560 609 684 698 σχολὴν
718 612 895 692 διεδέξατο.
945 599 1091 696 ἀδελφὸς
1123 608 1159 677 δὲ
1191 600 1235 696 ἦν
1266 613 1327 677 τοῦ

181 720 298 805 ἰατροῦ
316 714 505 805 Ἡροδίκου.
547 717 745 806 Πορφύριος
764 717 800 785 δὲ
825 713 928 785 αὐτὸν
952 717 1004 784 ἐπὶ
1027 720 1085 804 τῆς
1107 715 1143 784 π’
1169 714 1325 803 όλυμπιά-
1367 804 1394 815 ’Δ

182 828 240 904 δος
261 830 412 912 τίθησιν·
436 823 518 893 ἀλλὰ
543 822 605 913 χρὴ
624 839 718 893 νοεῖν
737 825 962 913 πρεσβύτερον
983 821 1198 893 αύτὸνεὶναι.
1231 816 1328 904 οὗτος
1367 816 1392 859 ²²⁵·
1422 822 1459 847 ‘¹
1493 822 1511 852 ‘⁶'

180 935 310 1027 πρῶτος
337 936 382 1023 τῷ
407 935 571 1023 ῥητορικῷ
596 935 676 1001 εῖδει
704 937 762 1019 τῆς
785 936 936 1012 παιδείας
959 931 1105 1018 δύναμίν
1128 957 1162 999 τε
1185 952 1351 1017 φραστιε

180 1036 245 1126 κὴν
267 1039 322 1106 καὶ
344 1041 465 1126 τέχνην
490 1043 607 1125 ἔδωκε,
630 1054 768 1127 τροπαῖς
790 1066 823 1108 τε
847 1042 901 1108 καὶ
926 1053 1128 1127 μεταφοραῖς
1151 1040 1206 1105 καὶ
1230 1035 1328 1124 άλλη·
1361 1066 1365 1079 ·

182 1153 313 1235 γορίαις
334 1148 389 1215 καὶ
412 1144 617 1235 ύπαλλαγαῖς
640 1149 695 1216 καί
719 1147 937 1234 καταχρήσεσι
965 1148 1020 1214 καὶ
1048 1144 1250 1233 ὑπερβάσεσι
1272 1147 1327 1213 καὶ

181 1251 428 1324 άναδιπλῶσεσι
451 1257 505 1323 καί
530 1255 835 1343 έπαναλήψεσικαί
859 1251 1086 1343 ἀποστροφαῖς
1106 1253 1161 1321 καὶ
1183 1251 1328 1339 παρισῶ-

160 1382 275 1431 .σεσιν
304 1363 474 1451 ἐχρήσατο.
520 1368 655 1450 ἔπραττε
680 1363 716 1431 δέ
736 1366 803 1431 τῶν
827 1367 989 1450 μαθητῶν
1012 1364 1151 1429 ἕκαστον
1175 1365 1259 1448 μνάς
1282 1360 1327 1447 ρ’.

187 1471 264 1555 ἐβίω
289 1468 326 1536 δὲ
350 1474 405 1556 ἔτη
429 1470 496 1556 ρθ’,
519 1470 574 1537 καὶ
598 1470 829 1557 συνεγράυατο
853 1468 968 1538 πολλά.
1343 1491 1368 1530 1⁰

273 1577 396 1645 CLXV.
439 1575 673 1666 [Γρηγόριος
697 1574 714 1648 ό
734 1578 788 1644 καὶ
808 1576 998 1663 Θεόδωρος,
1022 1573 1329 1664 ὁθαυματουργός,

182 1688 444 1768 Νεοκαισαρείας
465 1687 524 1770 τῆς
546 1685 582 1751 έν
606 1687 652 1776 τῶ
671 1683 793 1775 Πόντῳ
814 1685 1005 1767 ἐπίσκοπος,
1029 1685 1103 1764 νέος
1126 1686 1246 1771 κομιδῇ
1271 1680 1328 1750 διὰ

181 1789 244 1877 τὴν
267 1792 443 1858 παίδευσιν
462 1787 667 1877 Ἑλληνικῶν
689 1817 723 1858 τε
746 1792 801 1858 καὶ
820 1788 1013 1878 Ῥωμαϊκῶν
1036 1789 1239 1878 γραμμάτων
1262 1787 1327 1858 ἀπό

181 1901 241 1983 τῆς
264 1902 504 1977 Καππαδοκίας
531 1902 577 1978 είς
600 1895 755 1986 Βηρυτὸν
783 1896 939 1966 κάκεῖθεν
968 1902 1015 1977 είς
1038 1900 1243 1984 Καισάρειαν
1267 1894 1328 1983 τὴν

179 2008 239 2091 τῆς
266 2009 491 2092 Παλαιστίνης
519 2007 630 2092 διέβη,
657 2003 725 2091 ἅμα
751 2003 975 2094 Ἀθηνοδώρῳ
1003 2002 1150 2096 ἀδελφῷ·
1189 2000 1248 2084 οὓς
1273 2005 1328 2071 καὶ
1345 2028 1368 2066 ιε

180 2110 262 2180 κατὰ
292 2113 391 2199 μέρος
421 2117 467 2191 εἰς
495 2110 556 2199 τὴν
581 2117 642 2181 τοῦ
671 2116 816 2198 Χριστοῦ
844 2116 955 2179 πίστιν
984 2111 1127 2199 εἰσάγων
1156 2108 1329 2198 Ὠριγένης

181 2217 324 2306 ζηλωτάς
342 2221 451 2299 ἰδίους
471 2220 677 2306 κατέστησεν.
705 2221 757 2290 ἐπὶ
778 2220 874 2288 πέντε
897 2224 1015 2286 τοίνυν
1033 2216 1111 2307 παρ’
1128 2217 1235 2286 αὐτοῦ
1253 2243 1324 2285 παι-

181 2327 358 2405 δευθέντες
390 2325 565 2407 ἐνιαυτοὺς
591 2323 673 2413 πρός
700 2324 762 2413 τὴν
791 2329 934 2412 πατρίδα
969 2323 1232 2413 ἀποπέμπονται·
1264 2322 1325 2412 ἀφ’

183 2423 224 2501 οὗ
248 2429 265 2501 ὁ
287 2432 472 2521 Γρηγόριος
495 2429 679 2521 ἀποδημῶν
698 2422 936 2522 πανηγυρικὸνΙ
948 2431 1159 2520 εὐχαριστίας
1176 2438 1221 2527 τῷ
1241 2430 1328 2519 Ὠρι-

180 2541 270 2625 γένει
292 2544 416 2627 ἔγραφε
439 2539 558 2626 λόγον,
582 2542 636 2608 καὶ
657 2540 943 2627 συνκαλεσάμενος
961 2540 1087 2620 πάντας
1107 2540 1186 2621 τοὺς
1210 2543 1326 2627 έπιχω-
1341 2565 1367 2604 ιο

180 2650 289 2731 ρίους,
319 2643 424 2715 αύτοῦ
453 2674 487 2715 τε
518 2652 579 2716 τοῦ
606 2645 798 2736 Ώριγένους
826 2647 1008 2737 παρόντος,
1040 2652 1161 2716 τοῦτον
1195 2644 1326 2735 ἀνέγνω

130 2796 133 2801 -
179 2750 239 2820 τὸν
262 2751 375 2839 λόγον,
399 2751 490 2834 ὅστις
506 2752 583 2843 ἀχρι
605 2759 666 2823 τοῦ
690 2754 856 2840 παρόντος
878 2752 1027 2842 ὑπάρχει.
1074 2761 1196 2841 ἔγραψε
1216 2753 1252 2821 δὲ
1271 2755 1328 2821 καὶ

110 2908 115 2916 -
180 2859 388 2947 μετάφρασιν
416 2866 462 2941 είς
493 2860 552 2929 τὸν
580 2860 834 2949 έκκλησιαστήν,
867 2861 1041 2949 ἐλάχιστον
1072 2862 1133 2949 μέν
1165 2861 1255 2930 πάνυ
1288 2860 1325 2929 δὲ

180 2966 378 3054 θαυμαστόν
404 2970 514 3055 λόγον.
554 2969 610 3036 καὶ
629 2966 733 3048 ἀλλας
756 2968 792 3036 δὲ
811 2967 935 3049 πολλὰς
953 2971 1007 3037 καὶ
1025 2975 1177 3050 ποικίλας
1200 2971 1327 3037 ἐπιστο-

180 3072 241 3152 λάς
262 3075 317 3141 καὶ
335 3073 458 3161 λόγους
477 3074 724 3163 συνεγράψατο,
746 3074 888 3162 ποιήσας
905 3103 939 3144 τε
959 3090 1077 3163 σημεῖα
1095 3078 1150 3144 καὶ
1168 3076 1325 3163 θαύματα
1339 3099 1365 3139 25

182 3177 266 3269 ύπέρ
285 3179 485 3270 ἄνθρωπον,
509 3180 608 3270 ἡνίκα
628 3185 804 3263 ἐπίσκοπος
826 3183 1022 3270 ἐτύγχανεν,
1047 3183 1292 3271 έτελεύτησενέ
1317 3181 1325 3205 ’

184 3285 424 3375 Αύρηλιανοῦ.]

253 3455 267 3502 1
286 3444 416 3504 Ἐλαΐτου
435 3466 502 3504 corr.
522 3450 659 3504 Kusterus
674 3444 808 3505 Ἐλεάτου
823 3455 899 3504 ΗΕ
917 3445 1063 3505 Ἐλαιάτον
1082 3456 1102 3503 B
1119 3446 1235 3504 Ἐλάτου
1255 3450 1327 3520 οκλμ,

180 3527 256 3583 Eud.
330 3537 346 3584 2
370 3524 495 3598 ἀδελφὸς
515 3559 546 3569 -
567 3527 641 3585 εἶναι
664 3536 759 3585 om.v
831 3538 847 3586 3
872 3532 906 3587 cf.
932 3531 1017 3586 schol.
1038 3531 1146 3586 Platon.
1168 3531 1205 3584 VI
1229 3548 1256 3599 p.
1276 3537 1327 3586 298

181 3607 288 3663 Hem:
312 3602 395 3672 οὖτος
420 3605 470 3680 ούχ
493 3604 509 3664 ὁ
530 3607 745 3683 Σηλυμβριανός
769 3606 843 3664 ἐστιν
863 3606 1022 3679 Ἡρόδικος,
1045 3606 1107 3665 ἀλλ’
1128 3607 1143 3665 ὁ
1167 3617 1327 3680 Λεοντῖνος,

182 3691 303 3758 Γοργίου
323 3687 456 3759 ἀδελφός.
490 3689 531 3744 Cf.
551 3691 636 3745 etiam
656 3691 693 3744 VI
713 3709 738 3760 p.
760 3698 819 3748 339.
851 3692 894 3745 Ad
913 3691 1032 3746 eundem
1051 3697 1126 3747 certe
1144 3694 1254 3762 spectat
1269 3691 1327 3746 Sui·

181 3767 230 3824 διε
245 3789 269 3823 v.
285 3766 432 3839 Ἡρόδικος
505 3777 521 3825 ὅ
540 3771 575 3825 de
591 3771 712 3842 Gorgiae
731 3775 824 3828 aetate
843 3774 878 3828 ef.
893 3773 1004 3838 Rohde,
1023 3773 1093 3828 Μαι.
1108 3773 1196 3827 Rhen.
1211 3772 1327 3827 XXXIII

182 3866 210 3918 p.
232 3856 283 3905 185
300 3855 357 3906 not.
432 3858 495 3905 οτι
516 3857 611 3905 om.v
684 3846 743 3919 αρ’
764 3883 796 3891 -
816 3853 881 3909 ein.
902 3859 998 3907 om.v

251 3929 348 3985 CLXV
371 3932 750 4002 Ηῖινοκγικαε-δορλνοκίαε
763 3949 786 3986 ο.
802 3938 845 4001 65,
863 3933 912 4001 qui
930 3933 1069 4002 Hesychio
1083 3933 1230 3988 materiam
1250 3932 1328 3988 dedit

182 4014 213 4064 11
232 4007 395 4080 Θεόδωρος,
414 4005 446 4074 ὃς
463 4004 581 4079 ύστερον
601 4006 666 4080 έκλὴ
681 4010 878 4081 θηΓρηγόριος
894 4013 1027 4082 Sophron.
1047 4014 1083 4067 id.
1105 4031 1157 4069 om.
1179 4009 1194 4069 ὁ
1213 4017 1325 4084 θανμα·

179 4087 298 4159 τουργός
354 4097 385 4144 12
404 4088 456 4160 τὴν
471 4110 525 4147 om.
541 4092 623 4160 Soph.
680 4099 712 4146 13
727 4091 916 4147 παιδευθέντε
937 4093 1018 4163 δομλ.
1075 4099 1107 4148 15
1123 4085 1162 4147 ῶν
1177 4114 1261 4148 τινων
1275 4091 1327 4163 τὴν

181 4164 324 4238 ἐξαίρετον
343 4166 467 4240 εύφυίαν
491 4167 622 4240 έωρακῶς
643 4166 784 4240 Ὠριγένης
803 4169 919 4235 τούτους
939 4172 979 4236 εἰς
1002 4177 1174 4242 φιλοσοφίαν
1196 4175 1325 4242 προετρέ-

179 4261 255 4317 ψατο
273 4250 338 4307 αδδ.
353 4250 436 4320 Soph.
492 4258 525 4307 18
544 4245 596 4318 τὴν
611 4248 716 4319 μητέρα
730 4250 812 4321 Soph.
859 4247 913 4321 ἀφ’
930 4246 968 4307 ῶν
988 4255 1068 4324 δογλι.
1117 4261 1151 4309 23
1169 4251 1253 4324 λόγον
1272 4272 1326 4309 om.

180 4327 264 4398 Soph.
284 4322 360 4392 ὅστις
374 4330 421 4384 καλ
438 4332 511 4402 νιάρ.
530 4329 578 4384 καλ
593 4330 781 4400 om.ASopI.
836 4339 870 4388 22
886 4331 1119 4404 ἔκφρασινβομίι.
1174 4340 1279 4389 24-27
1295 4332 1325 4389 δὲ

179 4440 213 4449 -
230 4410 278 4464 καὶ
292 4412 421 4473 ποικίλας
435 4442 469 4451 -
486 4407 558 4478 ὑπὲρ
577 4407 733 4479 ἄνθρωπον
749 4444 782 4452 -
802 4411 982 4482 ἐτελεύτησεν
1006 4410 1052 4469 ἐπ’
1073 4409 1249 4483 Αύρηλιανοῦ
1270 4432 1326 4469 om.

178 4488 263 4560 Soph.
314 4496 348 4546 26
369 4485 415 4545 ἐπὶ
432 4485 585 4547 Ἰονλιανού
601 4494 673 4567 ναίρ.
690 4487 735 4548 ἐπ’
748 4487 924 4563 Αύρηλιανοῦ
945 4510 978 4550 ex
993 4494 1101 4550 duobus
1114 4495 1178 4552 Par.
1188 4495 1325 4553 Kusterus
